00993cam a2200289 i 4500
001 18876951-B
005 20141115143056.0
008 801006s1904    mau           001 0 eng  
010    $a 04002662
040    $c CStclU-L $d CStclU-L $d UtOrBLW
043    $a n-us---
090    $a KF590 $b .T3 1904
100 1  $a Taylor, John N. $q (John Neilson), $d 1805-1878.
245 14 $a The American law of landlord and tenant / $c by John N. Taylor.
250    $a Ninth edition / $b Revised by Henry F. Buswell.
264  1 $a Boston : $b Little, Brown, $c 1904.
300    $a 2 v. ; $c 25 cm.
336    $a text $b txt $2 rdacontent.
337    $a unmediated $b n $2 rdamedia.
338    $a volume $b nc $2 rdacarrier.
500    $a Includes index.
590    $a DISCARDED - NEW BUILDING PROJECT.
650  0 $a Landlord and tenant $z United States.
700 1  $a Buswell, Henry F. $q (Henry Foster), $d 1842-1919.
907    $a .b10023306 $b 191015 $c 911227
998    $a heafe $a hmicr $b 911227 $c m $d a   $e y $f eng $g mau $h 4
918    $a .bckstg $b 2014-10-14

