01326cam a2200361 a 4500
001 25481835-B
005 20141115143141.0
008 810715m19819999mnu      w    001 0 eng d
040    $a CLL $c CLL $d CStclU-L $d UtOrBLW
043    $a n-us-ca $a n-us---
090    $a KFC57 $b .W41
245 00 $a West's California digest, 2d.
264  1 $a St. Paul : $b West Pub. Co., $c [1981-]
264  4 $c ©1981-
300    $a v. ; $c 27 cm.
336    $a text $b txt $2 rdacontent.
337    $a unmediated $b n $2 rdamedia.
338    $a volume $b nc $2 rdacarrier.
500    $a "West key number system."
500    $a Covers State and Federal cases decided since 1950.
500    $a Kept up to date by cumulative pocket parts and replacement vols.
500    $a Supplemented by separately issued West's analysis of American law, a guide to all the West digest system.
590    $a SUBSCRIPTION FOR 2ND COPY CANCELLED 4/09.
590    $a Charney scanned.
650  0 $a Law reports, digests, etc. $z California.
650  0 $a Law reports, digests, etc. $z United States.
710 2  $a West Publishing Company.
730 02 $a West's analysis of American law.
740 0  $a California digest, 2d.
907    $a .b10030037 $b 231108 $c 911227
998    $a heafe $a hchar $b 911227 $c m $d a   $e n $f eng $g mnu $h 0
918    $a .bckstg $b 2014-10-14
901    $a updated 3/00 tp

