02497nam a2200481 a 4500
001 81-B175
005 20141115143216.0
008 811207m19789999nju      b    001 0 eng  
010    $a 78070641
040    $d CStclU-L $d UtOrBLW
043    $a n-us---
090    $a KF3114 $b .C47
100 1  $a Chisum, Donald S., $d 1944-
245 10 $a Chisum on patents : $b a treatise on the law of patentability, validity, and infringement / $c Donald S. Chisum.
246 13 $a Patents, a treatise on the law of patentability, validity, and infringement.
246 1  $i Supplement volume: $a America Invents Act analysis.
264  1 $a Newark, N.J. : $b LexisNexis, $c 1978-
300    $a v. (loose-leaf) ; $c 26 cm.
336    $a text $b txt $2 rdacontent.
337    $a unmediated $b n $2 rdamedia.
338    $a volume $b nc $2 rdacarrier.
490 1  $a Law faculty publications.
590 00 $a Faculty publication.  
500    $a Title history: Patents, a treatise on the law of patentability, validity, and infringement (1978-1997)
500    $a Vols. 11-17 have spine subtitle: Federal Circuit guide.
500    $a Volumes 18-<21> contain the Supreme Court Patent Law Guide. Spine title: Supreme Court Guide.
500    $a Published: New York : M. Bender (1978-1999); Charlottesville, Va LEXIS Pub. (<1999>-2001).
500    $a Includes separately issued: Chisum on patents case reporter (2001-   ).
500    $a Kept up to date also by pamphlet supplements to vols. 11-<17>
500    $a Description based on: t.p., v. 1: 2003; release no. 88, June 2003.
504    $a Includes bibliographical references and index.
590    $a Beginning 2013- includes unnumbered, starred loose-leaf supplement volume of the author's America Invents Act of 2011, analysis and cross-references [to Chisum on patents volumes]. Title on spine: America Invents Act analysis.
590    $a Vols. 10-10A are Index and Tables volumes.
590    $a The case reporter contains summaries of recent Federal Circuit decisions and will be issued prior to each new release of Chisum on patents.
590    $a Charney scanned.
650  0 $a Patent laws and legislation $z United States.
700 1  $a Chisum, Donald S., $d 1944- $t America Invents Act of 2011, analysis and cross-references.
740 0  $a Chisum on patents case reporter.
830  0 $a Law faculty publications.
907    $a .b10035400 $b 230921 $c 911227
998    $a heafe $a hstau $b 911227 $c m $d a   $e n $f eng $g nju $h 0
918    $a .bckstg $b 2014-10-14
901    $a updated 8/03 md

