03517cam a2200733 a 4500
001 86-B96
005 20141115143658.0
008 860205m19629999enk      w    000 0 eng  
010    $a 62006322
020    $a 086325215X (basic set : loose-leaf)
020    $a 0863251293 (Doing business in Europe : loose-leaf)
020    $a 0863252303 (European Community cases)
040    $a DLC $c DLC $d DLC $d CStclU-L $d UtOrBLW
043    $a e------
090    $a KJE925.5 $b .C65
245 00 $a European Union law reporter.
246 3  $a Common Market reports.
246 3  $a Common Market reporter.
246 1  $a Common Mkt. Rep. (CCH)
246 1  $a CEC (CCH)
246 1  $a C.E.C. (CCH)
246 1  $a ECJ.
246 1  $a E.C.J.
246 1  $a CMLR.
246 1  $a C.M.L.R.
264  1 $a Bicester, Oxfordshire : $b CCH Editions Limited ; $a Chicago, Ill. : $b Commerce Clearing House, $c [1962-]
264  4 $c ©1962-
300    $a v. (loose-leaf),    v. (not loose-leaf) ; $c 23-25 cm.
336    $a text $b txt $2 rdacontent.
337    $a unmediated $b n $2 rdamedia.
338    $a volume $b nc $2 rdacarrier.
490 1  $a Topical law reports.
500    $a Title history: Common market reports (1962-1988); Common Market reporter (1988-1997).
500    $a Published: Chicago, Ill. : Commerce Clearing House (1962-1988)
500    $a Included in the set are also: Doing business in Europe (2 v., loose-leaf); European Community cases (   v., bound volumes, 1989-    ); transfer binders for New developments and Regulations list, Court decisions (    -1988; continued by European Community cases); Common Market reporter reports; EC update (    -1995; continued by EU focus); EU focus (1996-  )European Union update ( 1 v., loose-leaf, 1996-2008).
500    $a European Community cases contains selected cases decided by the Court of Justice of the European Communities and certain Commission of the European Communities decisions.
500    $a Beginning 1987, Doing business in Europe is issued as a separate publication.
500    $a Description based on: t.p.: 1997.
590    $a SUBSCRIPTION CANCELLED JANUARY 2017.
590    $a European Union Law Reporter volumes are classed at: KJE925.5.C65; other titles included in set are cataloged separately and classed beginning at KJE925.5 C652.
590    $a Charney scanned.
590    $a Loyola scanned.
650  0 $a Law $z European Union countries.
650  0 $a Law reports, digests, etc. $z European Union countries.
650  0 $a Commercial law $z European Union countries.
650  0 $a Labor laws and legislation $z European Union countries.
650  0 $a Taxation $x Law and legislation $z European Union countries.
650  0 $a Trade regulation $z European Union countries.
710 2  $a CCH Editions Limited.
710 2  $a Commerce Clearing House.
710 2  $a Court of Justice of the European Communities.
710 2  $a Commission of the European Communities.
730 0  $a Doing business in Europe.
740 02 $a European Union update.
740 02 $a European Community cases.
740 02 $a EC update.
740 02 $a EU focus.
773 0  $t Common Market reporter. Transfer binder, regulations list : new developments.
773 0  $t Common Market reporter. Transfer binder, new developments.
773 0  $t Common market reports. Euromarket news.
830  0 $a Topical law reports (Commerce Clearing House)
907    $a .b10078125 $b 190816 $c 911227
998    $a heafe $a hstau $b 111031 $c m $d a   $e n $f eng $g enk $h 0
918    $a .bckstg $b 2014-10-14

