01597nas a2200385 a 4500
001 90-S324
005 20141115144554.0
008 901116c19859999vauqr p r     0   a0eng d
037    $b American Judges Association, c/o Secretariat Services, National Center for State Courts, 300 Newport Ave., Williamsburg, VA 23185
040    $a CSfGGL $c CSfGGL $d TxU-L $d CStclU-L $d UtOrBLW
043    $a n-us---
090    $a KF8775.A15 $b A14
245 04 $a The AJA benchmark.
246 3  $a American Judges Association benchmark.
246 10 $a Benchmark.
264  1 $a Williamsburg, Va. : $b American Judges Association.
300    $a v. ; $c 28 cm.
310    $a Quarterly.
336    $a text $b txt $2 rdacontent.
337    $a unmediated $b n $2 rdamedia.
338    $a volume $b nc $2 rdacarrier.
362 1  $a Began with: Vol. 8, no. 1 (Mar. 1985)
500    $a "A publication of the American Judges Association."
500    $a Description based on: Vol. 12, no. 4 (winter 1989); title from caption.
590    $a PRINT PUBLICATION CEASED AFTER v.32: no.1 (spring 2009).  AVAILABLE ONLINE STARTING WITH v. 22: no. 3 (fall 1999).
590    $a Loyola scanned.
610 20 $a American Judges Association $v Periodicals.
650  0 $a Judges $z United States $v Periodicals.
690  0 $a Law $v Periodicals.
710 2  $a American Judges Association.
780 00 $t Benchmark (Williamsburg, Va.)
856 40 $u http://aja.ncsc.dni.us/publications/benchmark.html $z Connect to the AJA benchmark
907    $a .b10154772 $b 191015 $c 911227
998    $a heafe $a hstac $a hwww $b 911227 $c s $d 1   $e n $f eng $g vau $h 4
918    $a .bckstg $b 2014-10-14

