00887nam a2200289   4500
001 196724
005 20141115145352.0
008 711014r19711899nyua     b   |000 0 engm 
010    $a 78172157
040    $a DLC $c DLC $d m.c. $d STA $d UtOrBLW
043    $a f-ua---
049    $a STAM
090    $a BF1591 $b .B8 1971
100 1  $a Budge, E. A. Wallis $q (Ernest Alfred Wallis), $c Sir, $d 1857-1934.
245 10 $a Egyptian magic.
264  1 $a New York : $b B. Blom, $c 1971.
300    $a xv, 234 p. : $b illus. ; $c 22 cm.
336    $a text $b txt $2 rdacontent.
337    $a unmediated $b n $2 rdamedia.
338    $a volume $b nc $2 rdacarrier.
500    $a Reprint of the 1899 ed.
504    $a Includes bibliographical references.
650  0 $a Magic, Egyptian.
651  0 $a Egypt $x Religion.
907    $a .b10234445 $b 191114 $c 911230
998    $a umn $b 911230 $c m $d a   $e - $f eng $g nyu $h 0
918    $a .bckstg $b 2014-10-14

