00772cam a2200253I  4500
001 223896
005 20141115145625.0
008 720119s1962    enk           000 0 eng  
010    $a 63002965
040    $a DLC $c WSU $d OCL $d SER $d m.c. $d STA $d UtOrBLW
049    $a STAM
090    $a BF1581 $b .M8 1962
100 1  $a Murray, Margaret Alice.
245 14 $a The witch-cult in Western Europe.
264  1 $a Oxford : $b Clarendon Press, $c [1962]
300    $a 303 p. ; $c 20 cm.
336    $a text $b txt $2 rdacontent.
337    $a unmediated $b n $2 rdamedia.
338    $a volume $b nc $2 rdacarrier.
490 0  $a Oxford paperbacks, no. 53.
650  0 $a Witchcraft $z Great Britain.
907    $a .b10258930 $b 141121 $c 911230
998    $a umn $b 911230 $c m $d a   $e - $f eng $g enk $h 4
918    $a .bckstg $b 2014-10-14

