01477cam a2200361I  4500
001 5630551
005 20141115151331.0
008 791031s1947    caubfh        000 0 eng  
010    $a 48000423
040    $a DLC $c CLE $d STA $d UtOrBLW
049    $a STAC
090    $a F865 $b .R4 1947
100 1  $a Revere, Joseph Warren, $d 1812-1880.
245 10 $a Naval duty in California ; $b with map and plates from original designs / $c by Joseph Warren Revere ; foreword by Joseph A. Sullivan.
250    $a [First California edition].
264  1 $a Oakland, Calif. : $b Biobooks, $c 1947.
300    $a 245 p., col. plates : $b map(on lining-paper), facsim. ; $c 28 cm.
336    $a text $b txt $2 rdacontent.
337    $a unmediated $b n $2 rdamedia.
338    $a volume $b nc $2 rdacarrier.
490 1  $a California centennial edition, 11.
500    $a First pub. in 1849 under title: A tour of duty in California.
583 1  $a Committed to retain $c 20220701 $d 20320731 $f SCELC Shared Print $u https://scelc.org/libraries/shared-print $z retain for SCELC.
651  0 $a California $x History.
650  0 $a Voyages to the Pacific coast.
651  0 $a California $x Gold discoveries.
650  0 $a Indians of North America $z California.
650  0 $a Mexican War, 1846-1848 $x Naval operations.
700 1  $a Sullivan, Joseph A., $d 1888-
830  0 $a California centennial edition ; $v 11.
907    $a .b10420629 $b 220629 $c 920107
998    $a usc $a umn $b 920107 $c m $d a   $e - $f eng $g cau $h 0
918    $a .bckstg $b 2014-10-14

