01357nam a2200289I  4500
001 5656496
005 20141115151337.0
008 791106s1791    enkbf         000 0 eng  
010    $a 01015755
040    $a DLC $c ALM $d STA $d UtOrBLW
049    $a STAC
090    $a F851.5 $b .M47
100 1  $a Meares, John, $d 1756?-1809.
245 10 $a Voyages made in the years 1788 and 1789, from China to the N. W. coast of America : $b with an introductory narrative of a voyage performed in 1786, from Bengal, in the ship Nootka.  To which are annexed, observations on the probable existence of a North West Pasage.  And some account of the trade between the North West coast of America and China; and the latter country and Great Britain / $c by John Meares.
264  3 $a London : $b Printed at the Logographic Press and sold by J. Walter, $c 1791.
300    $a 2 v. : $b front., plates (part fold.), ports., fold. maps, fold. plans ; $c 22 cm.
336    $a text $b txt $2 rdacontent.
337    $a unmediated $b n $2 rdamedia.
338    $a volume $b nc $2 rdacarrier.
651  0 $a Northwest Coast of North America.
651  0 $a Vancouver Island (B.C.)
650  0 $a Indians of North America $z Pacific Coast.
651  0 $a Pacific Ocean.
651  0 $a Northwest Passage.
907    $a .b10421671 $b 220802 $c 920107
998    $a usc $b 920107 $c m $d a   $e n $f eng $g enk $h 0
918    $a .bckstg $b 2014-10-14

