00985nam a2200253I  4500
001 5808875
005 20141115151524.0
008 791218t18821882nyu           000 0 eng d
040    $a CLE $c CLE $d m.c. $d STA $d UtOrBLW
049    $a STAM[Copy][also in][Archive] $a STAS
090    $a PR2808.A2 $b K4 1882
100 1  $a Shakespeare, William, $d 1564-1616.
245 10 $a Shakespeare's Julius Caesar; with notes, examination papers and plan of preparation / $c (selected) by Brainerd Kellogg.
264  1 $a New York : $b Maynard, Merrill & co., $c [1882]
264  4 $c ©1882.
300    $a 164 p. ; $c 13 cm.
336    $a text $b txt $2 rdacontent.
337    $a unmediated $b n $2 rdamedia.
338    $a volume $b nc $2 rdacarrier.
583 1  $a Committed to retain $c 20220701 $d 20320731 $f SCELC Shared Print $u https://scelc.org/libraries/shared-print $z retain for SCELC.
740 0  $a Julius Caesar.
907    $a .b10438944 $b 230930 $c 920107
998    $a umn $a usc $b 920107 $c m $d a   $e - $f eng $g nyu $h 0
918    $a .bckstg $b 2014-10-14

