01081cam a2200289Ii 4500
001 5980962
005 20141115151719.0
008 800213s1952    caua          000 0 eng d
040    $a CPS $c CPS $d STA $d UtOrBLW
049    $a STAC
090    $a F856 $b .E174 v.5
100 1  $a Botta, Paolo Emilio, $d 1802-1870.
245 10 $a Observations on the inhabitants of California, 1827-1828 / $c by Paolo Emilio Botta ; translated by John Francis Bricca.
264  1 $a Los Angeles : $b Glen Dawson, $c 1952.
300    $a iv, 20 p. : $b ill. ; $c 19 cm.
336    $a text $b txt $2 rdacontent.
337    $a unmediated $b n $2 rdamedia.
338    $a volume $b nc $2 rdacarrier.
490 1  $a Early California travels series ; $v 5.
500    $a "140 copies printed by Wm. M. Cheney, Los Angeles."
650  0 $a Indians of North America $z California.
650  0 $a Birds $z California.
700 1  $a Cheney, William M. $q (William Murray), $d 1907-2002.
830  0 $a Early California travels series ; $v 5.
907    $a .b10457392 $b 220802 $c 920108
998    $a usc $b 920108 $c m $d a   $e n $f eng $g cau $h 0
918    $a .bckstg $b 2014-10-14

