01019nam a2200241Ii 4500
001 6108809
005 20141115151850.0
008 800320s1948    cau           000 0 eng d
040    $a CSA $c CSA $d STA $d UtOrBLW
049    $a STAM
090    $a E408 $b .C6
100 1  $a Conmy, Peter Thomas, $d 1901-1996.
245 12 $a A centennial evaluation of the treaty of Guadelupe Hidalgo, l848-1948 / $c by Peter Thomas Conmy.
264  1 $a Oakland, Calif. : $b Oakland Public Library, $c 1948.
300    $a 33 leaves ; $c 28 cm.
336    $a text $b txt $2 rdacontent.
337    $a unmediated $b n $2 rdamedia.
338    $a volume $b nc $2 rdacarrier.
583 1  $a Committed to retain $c 20220701 $d 20320731 $f SCELC Shared Print $u https://scelc.org/libraries/shared-print $z retain for SCELC.
630  0 $a Treaty of Peace, Friendship, Limits, and Settlement Between the United States of America and the Mexican Republic $d (1848 February 2)
907    $a .b10472022 $b 220629 $c 920108
998    $a umn $a usc $b 920108 $c m $d a   $e - $f eng $g cau $h 2
918    $a .bckstg $b 2014-10-14

