01158nam a2200277I  4500
001 6111889
005 20141115151852.0
008 800321m19131942enk           001 0 eng d
040    $a CLE $c CLE $d m.c. $d STA $d UtOrBLW
041 1  $a eng $a und
049    $a STAM
090    $a BX1749 $b .T5 1913
100 0  $a Thomas, $c Aquinas, Saint, $d 1225?-1274.
245 15 $a The "Summa theologica" of St. Thomas Aquinas ... / $c literally translated by fathers of the English Dominican province.
264  1 $a London : $b Burns, Oates & Washbourne, ltd., $c [1913-1942]
300    $a 22 v.
336    $a text $b txt $2 rdacontent.
337    $a unmediated $b n $2 rdamedia.
338    $a volume $b nc $2 rdacarrier.
500    $a Index, v. 22 [1924?]
500    $a v. 5, Ed. 2, 1941; v. 6, Ed. 3, 1941; v. 15, Ed. 2 rev., 1913; v. 16, Ed. 2 rev., 1926; v. 18, Ed. 2 rev., 1928, v. 8. 3d ed., 1942; v. 12, 2d ed., 1935.
583 1  $a Committed to retain $c 20220701 $d 20320731 $f SCELC Shared Print $u https://scelc.org/libraries/shared-print $z retain for SCELC.
710 2  $a Dominicans.
907    $a .b10472253 $b 220629 $c 920108
998    $a umn $b 920108 $c m $d a   $e - $f eng $g enk $h 5
918    $a .bckstg $b 2014-10-14

