07744cam a2200697 a 4500
001 6563037
003 OCoLC
005 20211006085252.0
008 840117m19801982miu           000 0 eng  
010    $a 80066273
020    $a 0916950190 $q (pbk. ; $q v. 1)
020    $a 9780916950194 $q (pbk. ; $q v. 1)
020    $a 0916950298 $q (pbk. ; $q v. 2)
020    $a 9780916950293 $q (pbk. ; $q v. 2)
035    $a (OCoLC)6563037 $z (OCoLC)7287967 $z (OCoLC)8594560 $z (OCoLC)9459810 $z (OCoLC)1201924701
040    $a DLC $b eng $c DLC $d OCL $d OCLCQ $d BAKER $d YDX $d OCLCQ $d RMC $d CRU $d SNM $d OCLCO $d OCLCF $d OCLCQ $d OCLCO $d OCLCQ $d OCL $d ORU $d OCL $d NLC $d OCLCQ $d TYC $d OCLCQ $d GILDS $d OCLCA $d CPS $d TFW $d UtOrBLW
041 0  $a eng $a spa $h eng $h spa
049    $a STAM
055  2 $a PS508*
082 0  $a 810/.8/086873 $2 19
090    $a PS508.H57 $b H57 1980
245 00 $a Hispanics in the United States : $b an anthology of creative literature / $c edited by Francisco Jiménez and Gary D. Keller.
264  1 $a Ypsilanti, Mich. : $b Bilingual Review/Press, $c <©1980-©1982->
300    $a volumes <2> ; $c 26 cm.
336    $a text $b txt $2 rdacontent.
337    $a unmediated $b n $2 rdamedia.
338    $a volume $b nc $2 rdacarrier.
388    $a Americans $a Hispanic Americans $2 lcdgt.
490 1  $a The bilingual review = $a La revista bilingüe ; $v v. 8, no. 2-3 (Nov-Dec 1981)
505 00 $g v. 1. $t Arte puro y puro arte -- $t Please : an appeal for charity / $r Julio Marzan -- $t Caryatides / $r Ricardo Pau-Llosa -- $t Tradicion, humor y folklore -- $t A fairy tale / $r Leroy V. Quintana -- $t Grandma's Primo / $r Leroy V. Quintana -- $t El Pito / $r Leroy V. Quintana -- $t Not even cats / $r Leroy V. Quintana -- $t Blasphemy / $r Leroy V. Quintana -- $t Entre las nieves / $r Leroy V. Quintana -- $t The Pachuco's wedding / $r Leroy V. Quintana -- $t Leonardo / $r Leroy V. Quintana -- $t Taps / $r Leroy V. Quintana -- $t Poem / $r Leroy V. Quintana -- $t The good die young / $r Leo Romero -- $t Ash Wednesday / $r Leo Romero -- $t A sinner / $r Leo Romero -- $t A misfit / $r Leo Romero -- $t Benito Chiquito / $r Teresa Bolet Rodriguez -- $t La boda / $r Teresa Bolet Rodriguez -- $t Only a Yankee / $r Nash Candelaria -- $t P. Galindo I / $r Rolando Hinojosa -- $t P. Galindo III / $r Rolando Hinojosa -- $t Justicia y razon -- $t Tu gran valor / $r Guadalupe Ochoa Thompson -- $t Rosete's smith (a one-act play) / $r Alberto Alvaro Rios -- $t Coping con America -- $t Nutshell / $r Julio Marzan -- $t Graduation Day, 1965 / $r Julio Marzan -- $t Contaminacion / $r Justo S. Alarcon -- $t Nothing in our hands but age / $r Raquel Puig Zaldivar -- $t Mocha in Disneyland / $r El Huitlacoche -- $t Enajenacion hispana -- $t Status quo / $r Carmen Valle -- $t The needle and the care / $r Reuben Gonzalez -- $t Fever / $r Aaron Feingold -- $t A apology to the Moon Furies / $r Ed Vega -- $t La hispana -- $t Viejita analfabeta / $r Guadalupe Ochoa Thompson -- $t Mama / $r Nephtali de Leon -- $t Tia mei / $r Carmen Valle -- $t Men / $r Lorenza Calvillo Schmidt -- $t Poem / $r Lorenza Calvillo Schmidt -- $t Poem / $r Leroy V. Quintana -- $t Shooting star love / $r Maria Herrera-Sobek -- $t Hide-and-seek / $r Maria Herrera-Sobek -- $t Senora triguena / $r Maria Herrera-Sobek -- $t My Mecca / $r Alma Villanueva -- $t The new country / $r Miriam de Uriarte -- $t Tres Marias / $r Miriam de Uriarte -- $t Schooling for Hispanos -- $t Poem / $r Leroy V. Quintana -- $t University Spanish class in Colorado, 1962 / $r Marcela Trujillo -- $t A los graduados / $r Nephtali de Leon -- $t Discipline / $r Eduardo Rivera -- $t Death, transmogrification and other mysteries -- $t Isla de Cabras, San Juan / $r Ricardo Pau-Llosa -- $t Poem / $r Leroy V. Quintana -- $t The apple orchard / $r Rudolfo A. Anaya -- $t By waterbug beloved / $r El Huitlacoche -- $t El hombre junto al rio / $r Alfonso Rodriguez -- $t Friday evening / $r Fermin Lopez -- $t The revolution at San Jose / $r Tim McCarthy.
505 00 $g v. 2. $t The immigrant experience -- $t El campesino quiere ir al otro lado / $r J.W. Rivers -- $t Illegal alien / $r Pat Mora -- $t La otra frontera / $r Alfonso Rodriguez -- $t El silencio / $r Jose Sanchez Boudy -- $t The Mojado who offered up his tapeworms to the public weal / $r El Huitlacoche -- $t Humor y folklore -- $t Curandera / $r Pat Mora -- $t The feeling of birth / $r Alberto Rios -- $t The death of Rosa / $r Albert Rios -- $t Desde el ojo de Allen / $r Arnoldo C. Vento -- $t The Mexican donkey / $r Alvaro Cardona-Hine -- $t Easy / $r Jim Sagel -- $t La familia y la religion -- $t Memories of your father / $r Leo Romero -- $t A Rosario, mi abuela / $r Rafael Jesus Gonzalez -- $t Cancion de baile / $r Rafael Jesus Gonzalez -- $t Meciendo cobarde / $r Guadalupe Ochoa Thompson -- $t My father in the Navy : a childhood memory / $r Judith Ortiz Cofer -- $t En mis ojos no hay dias / $r Judith Ortiz Cofer -- $t Dinner / $r Alberto Rios -- $t Los ninos de Newport Beach / $r Elias Miguel Munoz -- $t Estos hijos del sol / $r Elias Miguel Munoz -- $t Gallos y gallineros / $r Enrique R. Lamadrid -- $t That Church specifically / $r Diana Rivera -- $t Golden glass / $r Alma Villanueva -- $t Cultural heritage : change and contrast -- $t Deciding on a face / $r Alberto Rios -- $t Hermanita nacida en estas tierras / $r Elias Miguel Munoz -- $t Sunrise neuyorkino / $r Rafael Catala -- $t The Plaza in Ponce, 1979 / $r Noel Rico -- $t Baca grande / $r Jim Sagel -- $t El vecino va pa' Hawaii / $r Jim Sagel -- $t The meeting / $r Carlos Morton -- $t La Hispana : portraits and self-portraits -- $t Tiempo presente / $r Naomi Lockwood Barletta -- $t Siren / $r Alma Villanueva -- $t The ceremony of orgasm / $r Alma Villanueva -- $t Mujeres / $r Marjorie Agosin -- $t La muchacha del vestido negro / $r Humberto J. Pena -- $t Etruscans / $r Maria del Carmen Boza -- $t Obligaciones y compromisos -- $t El politico / $r Justo S. Alarcon --Se arremango las mangas / $r Rosaura Sanchez -- $t Mano a mano / $r Nash Candelaria -- $t War and death -- $t Conversations on a hill / $r Rolando Hinojosa -- $t La misma lejania / $r Miguel Armenta -- $t The butterfly collector / $r Leo Romero -- $t Nothing more can happen to you when you are dead / $r Leo Romero -- $t A drunken poem for Barbara / $r Alvaro Cardona-Hine -- $t Waiting for the cops / $r Martin Espada -- $t On hearing of the ailing Johnny Weissmuler / $r Noel Rico -- $t Excerpt from the South Bronx XX (the assassination of John F. Kennedy) / $r Noel Rico.
546    $a English and Spanish.
583 1  $a Committed to retain $c 20220701 $d 20320731 $f SCELC Shared Print $u https://scelc.org/libraries/shared-print $z retain for SCELC.
648  7 $a 1900-1999 $2 fast.
650  0 $a American literature $x Hispanic American authors.
650  0 $a Hispanic American literature (Spanish)
650  0 $a Hispanic Americans $v Literary collections.
650  0 $a American literature $y 20th century.
650  7 $a American literature. $2 fast $0 (OCoLC)fst00807113.
650  7 $a American literature $x Hispanic American authors. $2 fast $0 (OCoLC)fst00807169.
650  7 $a Hispanic American literature (Spanish) $2 fast $0 (OCoLC)fst00957411.
650  7 $a Hispanic Americans. $2 fast $0 (OCoLC)fst00957523.
655  7 $a Short stories. $2 fast $0 (OCoLC)fst01726740.
655  7 $a Poetry. $2 fast $0 (OCoLC)fst01423828.
655  7 $a Literary collections. $2 fast $0 (OCoLC)fst01423811.
655  7 $a Fiction. $2 fast $0 (OCoLC)fst01423787.
655  7 $a Drama. $2 fast $0 (OCoLC)fst01423879.
655  7 $a Poetry. $2 lcgft.
655  7 $a Short stories. $2 lcgft.
655  7 $a Fiction. $2 lcgft.
655  7 $a Drama. $2 lcgft.
655  7 $a Short stories. $2 gsafd.
700 1  $a Jiménez, Francisco, $d 1943- $e editor.
700 1  $a Keller, Gary D., $e editor.
740 0  $a SCU faculty publications collection.
776 08 $i Online version: $t Hispanics in the United States. $d Ypsilanti, Mich. : Bilingual Review/Press, <c1982-> $w (OCoLC)656570764.
830  0 $a Bilingual review (New York, N.Y.) ; $v v. 8, no. 2-3.
907    $a .b10520041 $b 220629 $c 920108
998    $a umn $a usc $b 210927 $c m $d a   $e - $f eng $g miu $h 0
918    $a .bckstg $b 2016-12-01
919    $a .b $b 2020-05-26

