01880nam a2200409I  4500
001 6933200
005 20141115152804.0
008 801113m19431944mx ab         000 0 spa  
010    $a 44007748
040    $a DLC $c CLE $d m.c. $d STA $d UtOrBLW
049    $a STAM
090    $a F864 $b .V32
100 1  $a Venegas, Miguel, $d 1680-1764.
245 10 $a Noticia de la California y de su conquista temporal y espiritual hasta el tiempo presente. Sacada de la historia manuscrita : $b formada en México año de 1739 / $c por el padre Miguel Venegas de la Compañía de Jesús; y de otras noticias y relaciones antiguas y modernas.
264  1 $a México : $b Reimpreso por L. ALvarez y Alvarez de la Cadena, $c 1943-44.
300    $a 3 v. : $b illus., 6 fold. maps ; $c 24 cm.
336    $a text $b txt $2 rdacontent.
337    $a unmediated $b n $2 rdamedia.
338    $a volume $b nc $2 rdacarrier.
500    $a Imprint on cover: México, Editorial Layac.
500    $a Edited by Andrés Marcos Burriel. cf. Backer and Sommervogel. Bibl. de la Compagnie de Jesús. Nouv. éd.
500    $a Vol. 3: Apéndices a la Noticia de la California [por Sebastián Vizcaíno, Ferdinand Konsag y otros]
583 1  $a Committed to retain $c 20220701 $d 20320731 $f SCELC Shared Print $u https://scelc.org/libraries/shared-print $z retain for SCELC.
610 20 $a Jesuits $z California.
610 20 $a Jesuits $z Mexico $z Baja California.
651  0 $a California.
651  0 $a Baja California.
650  0 $a Missions $z California.
650  0 $a Missions $z Mexico $z Baja California.
651  0 $a Pacific Coast $x Description and travel.
700 1  $a Burriel, Andrés Marcos, $d 1719-1762.
700 1  $a Vizcaíno, Sebastián, $d 1550?-1628?
700 1  $a Konsag, Ferdinand, $d 1703-1759.
907    $a .b10558615 $b 220629 $c 920108
998    $a umn $a usc $b 920108 $c m $d a   $e - $f spa $g mx  $h 0
918    $a .bckstg $b 2014-10-14
921    $a Jesuit

