01077nam a2200277Ka 4500
001 10405971
005 20141115161016.0
008 840211s1551    gw            000 0 lat d
040    $c STA $d UtOrBLW
049    $a STAR
090    $f Folio $a BX953 $b .P75 1551
100 0  $a Platina, $d 1421-1481.
245 10 $a Bap. Platinae Cremonensis : $b de vitis ac gestis summorum pontificum, ad sua usque tempora, liber unus.  Huic additae sunt vitae ac res gestae eorum qui interim fuere Pontificum, a Paulo videlicet II ad Iulium huius nominis III / $c Eiusdem item platinae.
264  1 $a Coloniae : $b Apud Iasparem Gennepaeum, $c 1551.
300    $a 320, 92 p. ; $c 32 cm.
336    $a text $b txt $2 rdacontent.
337    $a unmediated $b n $2 rdamedia.
338    $a volume $b nc $2 rdacarrier.
500    $a Signatures:  a-ziiij; aa-ddiiij; A-Iiiij.
500    $a Published in Köln.
610 20 $a Catholic Church $x History.
650  0 $a Papacy $x History.
752    $a Germany $d Cologne.
907    $a .b10952111 $b 220422 $c 920110
998    $a usc $b 920110 $c m $d a   $e n $f lat $g gw  $h 0
918    $a .bckstg $b 2014-10-14

