02267cam a2200265Ia 4500
001 12812947
005 20141115163315.0
008 851118m18761884mau           000 0 eng d
040    $a KEU $c KEU $d STA $d UtOrBLW
049    $a STAM
090    $a PS1400 $b .E76
100 1  $a Cooper, James Fenimore, $d 1789-1851.
245 15 $a [The works of James Fenimore Cooper] / $c by J. Fenimore Cooper.
246 38 $a Cooper's works.
264  1 $a Boston : $b Houghton, Mifflin ; $a Cambridge : $b Riverside Press, $c [1876-1884]
264  4 $c [©1876-1884]
300    $a 32 volumes : $b frontispieces ; $c 18 cm.
336    $a text $b txt $2 rdacontent.
337    $a unmediated $b n $2 rdamedia.
338    $a volume $b nc $2 rdacarrier.
505 0  $a v. 1. Afloat and ashore -- v. 2. The bravo -- v. 3. The chainbearer, or the Littlepage manuscripts -- v. 4. The crater, or Vulcan's Peak -- v. 5. The Deerslayer, or the first war-path -- v. 6. Home as found, sequel to "Homeward bound" -- v. 7. Homeward bound, or the chase -- v. 8. The headsman, or the Abbaye des Vignerons -- v. 9. The Heidenmauer, or the Benedictines -- v. 10. Jack Tier, or the Florida reef -- v. 11. Last of the Mohicans -- v. 12. Lionel Lincoln, or the leaguer of Boston -- v. 13. Mercedes of Castile, or the voyage to Cathay -- v. 14.  Miles Wallingford, sequel to "Afloat and ashore" -- v. 15. The monikins -- v. 16. The oak openings, or the bee hunter -- v. 17. The Pathfinder, or the inland sea -- v. 18. Precaution -- v. 19. The pilot -- v. 20. The pioneers, or the sources of the Susquehanna -- v. 21. The prairie -- v. 22. Red Rover -- v. 23. The redskins, or Indian and Injin, being the conclusion of the Littlepage manuscripts -- v. 24. The sea-lions, or the lost sealers -- v. 25. Satanstoe, or the Littlepage manuscripts -- v. 26. The spy -- v. 27. The two admirals -- v. 28. The water-witch, or the skimmer of the seas -- v. 29. The ways of the hour -- v. 30. The wept of Wish-ton-wish -- v. 31. The Wing-and-wing, or le Feu-follet -- v. 32. Wyandotte, or the hutted knoll.
583 1  $a Committed to retain $c 20220701 $d 20320731 $f SCELC Shared Print $u https://scelc.org/libraries/shared-print $z retain for SCELC.
907    $a .b11166939 $b 230914 $c 920113
998    $a umn $b 920113 $c m $d a   $e - $f eng $g mau $h 5
918    $a .bckstg $b 2014-10-14

