08277cam a2201117 i 4500
001 12977000
003 OCoLC
005 20220707095010.0
008 851202m19869999vau      b   s001 0 eng  
010    $a 85029516
015    $a GB9348512 $2 bnb
015    $a GBA621829 $2 bnb
016    $a (AMICUS)000006079705
016 7  $a 006439956 $2 Uk
020    $a 0813910935 $q (v. 1 ; $q alk. paper)
020    $a 9780813910932 $q (v. 1 ; $q alk. paper)
020    $a 0813914035 $q (v. 2 ; $q alk. paper)
020    $a 9780813914039 $q (v. 2 ; $q alk. paper)
020    $a 0813915414 $q (v. 3 ; $q alk. paper)
020    $a 9780813915418 $q (v. 3 ; $q alk. paper)
020    $a 0813917476 $q (v. 4 ; $q alk. paper)
020    $a 9780813917474 $q (v. 4 ; $q alk. paper)
020    $a 081391941X $q (v. 5 ; $q alk. paper)
020    $a 9780813919416 $q (v. 5 ; $q alk. paper)
020    $a 0813921201 $q (v. 6 ; $q alk. paper)
020    $a 9780813921204 $q (v. 6 ; $q alk. paper)
020    $a 0813923530 $q (v. 7 ; $q alk. paper)
020    $a 9780813923536 $q (v. 7 ; $q alk. paper)
020    $a 0813926351 $q (v. 8 ; $q alk. paper)
020    $a 9780813926353 $q (v. 8 ; $q alk. paper)
020    $a 9780813930985 $q (v. 9 ; $q alk. paper)
020    $a 0813930987 $q (v. 9 ; $q alk. paper)
020    $a 9780813935713 $q (v. 10 ; $q alk. paper)
020    $a 0813935717 $q (v. 10 ; $q alk. paper)
020    $a 9780813939711 $q (v. 11 ; $q alk. paper)
020    $a 0813939712 $q (v. 11 ; $q alk. paper)
020    $a 9780813946122 $q (v. 12 ; $q alk. paper)
020    $a 0813946123 $q (v. 12 ; $q alk. paper)
020    $z 9788139236510
035    $a (OCoLC)12977000 $z (OCoLC)29466363 $z (OCoLC)32894494 $z (OCoLC)45991727 $z (OCoLC)153581256 $z (OCoLC)232569364 $z (OCoLC)501687876 $z (OCoLC)768172167 $z (OCoLC)769850540 $z (OCoLC)779698683 $z (OCoLC)792988582 $z (OCoLC)824850178 $z (OCoLC)855236645 $z (OCoLC)876109880 $z (OCoLC)877408787 $z (OCoLC)1006106329 $z (OCoLC)1114108381 $z (OCoLC)1124198197 $z (OCoLC)1201006826 $z (OCoLC)1201805210 $z (OCoLC)1201970788 $z (OCoLC)1284200170
040    $a DLC $b eng $e rda $c DLC $d UKM $d BAKER $d BTCTA $d YDXCP $d UWC $d CIT $d EAU $d NCECU $d XII $d BWX $d CDX $d CLU $d MIX $d IG# $d BDX $d OUP $d TUU $d YTJ $d AU@ $d OCLCF $d IUL $d AXV $d UNBCA $d CSO $d YDX $d CGU $d GSU $d GZN $d IAY $d COD $d NLC $d OCLCO $d OCLCQ $d DHA $d OKS $d OCLCQ $d OCLCO $d OCLCQ $d WIH $d VLW $d FQG $d TFW $d OCLCQ $d OCLCO $d UKMGB $d UEJ $d JHE $d AZU $d OCLCQ $d OCLCO $d OCL $d VVB $d ZGM $d XII $d OCLCO $d TUU $d UCW $d ZD0 $d OCLCO $d UtOrBLW
043    $a n-us---
049    $a STAM
050 00 $a E302 $b .M19 1986
072  7 $a ht $2 rero
082 00 $a 973.4/6 $2 19
100 1  $a Madison, James, $d 1751-1836, $e author.
245 14 $a The papers of James Madison. $p Secretary of state series / $c edited by Robert J. Brugger [and others].
264  1 $a Charlottesville : $b University Press of Virginia, $c 1986-<2021>
300    $a volumes <1-12> ; $c 24 cm.
336    $a text $b txt $2 rdacontent.
337    $a unmediated $b n $2 rdamedia.
338    $a volume $b nc $2 rdacarrier.
500    $a Editors vary; subsequent editors include: Angela Kreider, J.C.A. Stagg, Mary Parke Johnson, Anne Mandeville Colony, Katharine E. Harbury.
504    $a Includes bibliographical references and indexes.
505 0  $a Vol. 1: 4 March-31 July 1801 -- Vol. 2: 1 August 1801-28 February 1802 -- Vol. 3: 1 March-6 October 1802 -- Vol. 4: 8 October 1802-15 May 1803 -- Vol. 5: 16 May-31 October 1803 -- Vol. 6: 1 November 1803-31 March 1804 -- Vol. 7: 2 April-31 August 1804 -- Vol. 8: 1 September 1804-31 January 1805; with a supplement, 1776-23 June 1804 -- Vol. 9: 1 February 1805-30 June 1805 -- Vol. 10: 1 July 1805-31 December 1805 -- Vol. 11: 1 January 1806-31 May 1806 -- Vol. 12: 1 June 1806-31 October 1806 --
520    $a The Papers of James Madison project, housed at the University of Virginia, was established in 1956 to publish annotated volumes of the correspondence and writings of James Madison, the Virginia statesman most often remembered for his public service as "Father of the Constitution" and as fourth president of the United States. The published volumes provide accurate texts of Madison's incoming and outgoing correspondence, informative notes on textual and subject matters, and comprehensive indexes. They are incomparably rich sources for students of Madison's life and valuable research tools for those interested in the general history of the period in which Madison lived (1751-1836). The project has collected more than 27,000 copies of documents related to Madison's life, including letters, essays, notes, diaries, account books, ledgers, wills, legal papers, and inventories. The project serves the public by translating into print these decaying and often nearly illegible manuscripts, thereby preserving them for future generations and making them easier to use. The published volumes also make the contents of Madison-related documents the originals of which are housed in some 250 archives worldwide easily accessible to libraries and interested individuals anywhere books travel. The Secretary of State Series documents Madison's diplomatic and political career in the two administrations of Thomas Jefferson, 1801-9, during which he oversaw the negotiations for the Louisiana Purchase and the integration of those territories into the United States and attempted to maintain a viable neutrality for the United States vis-à-vis warring France and Great Britain. As secretary of state, Madison presided over one of the busiest offices in Washington. He was responsible for the Patent Office, issued all federal commissions, saw that the public laws were put into print, and served as the official liaison between the president and the governors of states and territories. Most important for these volumes, Madison was the addressee of diplomatic pouches and letters from five ministers and over fifty consuls worldwide, as well as about a dozen commissioners. -- Publisher.
600 10 $a Madison, James, $d 1751-1836 $v Correspondence.
600 17 $a Madison, James, $d 1751-1836. $2 fast $0 (OCoLC)fst00055654.
600 17 $a Madison, James. $2 idszbz.
648  7 $a 1801-1809 $2 fast.
648  7 $a Geschichte 1800-1850 $2 idszbz.
648  7 $a Geschichte 1801-1809 $2 idszbz.
651  0 $a United States $x Foreign relations $y 1801-1809 $v Sources.
651  0 $a United States $x Politics and government $y 1801-1809 $v Sources.
651  0 $a United States $x History $y 1801-1809 $v Sources.
651  6 $a États-Unis $0 (CaQQLa)201-0064716 $x Relations extérieures $0 (CaQQLa)201-0064716 $y 1801-1809 $0 (CaQQLa)201-0064716 $x Sources. $0 (CaQQLa)201-0378211.
651  6 $a États-Unis $0 (CaQQLa)201-0024848 $x Politique et gouvernement $0 (CaQQLa)201-0024848 $y 1801-1809 $0 (CaQQLa)201-0024848 $x Sources. $0 (CaQQLa)201-0378211.
651  6 $a États-Unis $0 (CaQQLa)201-0049926 $x Histoire $0 (CaQQLa)201-0049926 $y 1801-1809 $0 (CaQQLa)201-0049926 $x Sources. $0 (CaQQLa)201-0378211.
650  7 $a Diplomatic relations. $2 fast $0 (OCoLC)fst01907412.
650  7 $a Politics and government. $2 fast $0 (OCoLC)fst01919741.
651  7 $a United States. $2 fast $0 (OCoLC)fst01204155.
650  7 $a Außenpolitik. $2 idszbz.
651  7 $a USA. $2 idszbz.
650  7 $a 1801-1809. $2 rero.
651  7 $a Etats-Unis. $0 (RERO)A009975208 $2 rero.
653 0  $a Politics.
653 0  $a United States.
655  7 $a History. $2 fast $0 (OCoLC)fst01411628.
655  7 $a Personal correspondence. $2 fast $0 (OCoLC)fst01919948.
655  7 $a Sources. $2 fast $0 (OCoLC)fst01423900.
655  7 $a Quelle. $2 idszbz.
655  7 $a [document]. $2 rerovoc $0 (RERO)A010182398.
700 1  $a Brugger, Robert J., $e editor.
700 1  $a Kreider, Angela, $e editor.
700 1  $a Stagg, J. C. A. $q (John Charles Anderson), $d 1945- $e editor.
700 1  $a Johnson, Mary Parke, $e editor.
700 1  $a Colony, Anne Mandeville, $e editor.
700 1  $a Harbury, Katharine E., $d 1950- $e editor.
776 08 $i Online version: $a Madison, James, 1751-1836. $t Papers of James Madison. Secretary of state series. $d Charlottesville : University Press of Virginia, 1986-<2007> $w (OCoLC)682511564.
856 41 $u http://founders.archives.gov/content/volumes#Madison $z Digital Edition.
856 42 $3 Book review (H-Net) $u http://www.h-net.org/review/hrev-a0c0u1-aa
907    $a .b11178711 $b 220708 $c 920113
998    $a umn $b 220603 $c m $d a   $e - $f eng $g vau $h 4
918    $a .bckstg $b 2016-12-01
919    $a .b $b 2020-05-26

