01108cam a22003498a 4500
001 19122479
005 20141115170125.0
008 890109s1989    nyu      b    001 0 eng  
010    $a 89001674
020    $a 0898627494
020    $a 0898623405 (pbk.)
040    $a DLC $c DLC $d STA $d UtOrBLW
043    $a n-us---
049    $a STAM
050 0  $a KF9672 $b .S34 1989
100 1  $a Scheflin, Alan W.
245 10 $a Trance on trial / $c Alan W. Scheflin, Jerrold Lee Shapiro.
264  1 $a New York : $b Guilford Press, $c 1989.
300    $a xiv, 338 p. ; 24 cm.
336    $a text $b txt $2 rdacontent.
337    $a unmediated $b n $2 rdamedia.
338    $a volume $b nc $2 rdacarrier.
504    $a Includes bibliographical references and index.
650  0 $a Witnesses $z United States.
650  0 $a Forensic hypnotism.
650  0 $a Hypnotism $x Law and legislation $z United States.
700 1  $a Shapiro, Jerrold Lee.
740 0  $a SCU faculty publications collection.
907    $a .b11426640 $b 161014 $c 920114
998    $a umn $a usc $b 920114 $c m $d a   $e - $f eng $g nyu $h 0
918    $a .bckstg $b 2014-10-14
921    $a Santa Clara

