01168cam a22003131  4500
001 2396500
005 20141115170602.0
008 751126s1957    oruach   b    000 0 engm 
010    $a 58017846
040    $a DLC $c CMC $d DLC $d m.c. $d m/c $d STA $d UtOrBLW
043    $a n-usw--
049    $a STAM
050 0  $a Z231.5.C3 $b S37
100 1  $a Schoenberg, Wilfred P.
245 10 $a Jesuit mission presses in the Pacific Northwest ; $b a history and bibliography of imprints, 1876-1899.
264  1 $a [Portland, Or.] : $b Champoeg Press, $c 1957.
300    $a 76 p. : $b ill., port., facsims.
336    $a text $b txt $2 rdacontent.
337    $a unmediated $b n $2 rdamedia.
338    $a volume $b nc $2 rdacarrier.
504    $a Includes bibliographical references.
583 1  $a Committed to retain $c 20220701 $d 20320731 $f SCELC Shared Print $u https://scelc.org/libraries/shared-print $z retain for SCELC.
610 20 $a Jesuits $z Northwest, Pacific.
650  0 $a Printing $z Northwest, Pacific $x History.
740 0  $a SCU faculty publications collection.
907    $a .b11474610 $b 220629 $c 920114
998    $a umn $a usc $b 920114 $c m $d a   $e - $f eng $g oru $h 0
918    $a .bckstg $b 2014-10-14
921    $a Jesuit

