01631cas a2200433 a 4500
001 1264511
005 20141115171536.0
008 750409c19719999nyuar    r    0   a0eng  
010    $a 79144808
022 0  $a 0090-6700
035    $a 1130199 $b MULS
040    $a DLC $c DAY $d IAV $d COO $d NSD $d OCL $d MUL $d m.c. $d IXA $d OCL $d HUL $d OCL $d DLC $d NST $d RCS $d NST $d OCL $d DLC $d NST $d m/c $d NST $d HUL $d GUA $d NSD $d NST $d STA $d UtOrBLW
042    $a nsdp $a lc
043    $a n-us--- $a n-cn--- $a n------
049    $a STAZ
050 00 $f Ref $a AM10.A2 $b O4
210 0  $a Off. mus. dir.
222  0 $a Official museum directory.
245 04 $a The Official museum directory.
264  1 $a Washington, D.C. : $b American Association of Museums.
300    $a v. ; $c 28 cm.
310    $a Annual, $b 1980-
321    $a Biennial.
336    $a text $b txt $2 rdacontent.
337    $a unmediated $b n $2 rdamedia.
338    $a volume $b nc $2 rdacarrier.
362 1  $a Began in 1971.
500    $a Description based on: 1983 issue.
580    $a Has companion: The Official museum products and services directory, 1981-
650  0 $a Museums $z North America $v Directories.
650  0 $a Museums $z Canada $v Directories.
650  0 $a Museums $z United States $v Directories.
710 2  $a American Association of Museums.
780 00 $t Museums directory of the United States and Canada $x 0090-6697 $w (DLC)   61009712 $w (OCoLC)1758876.
787 1  $t Official museum products and services directory $x 0276-637X $w (DLC)   81641062 $w (OCoLC)7374299.
907    $a .b11572140 $b 230522 $c 920115
998    $a urf $b 920410 $c s $d a   $e n $f eng $g nyu $h 4
918    $a .bckstg $b 2014-10-14
936    $a 1990 LIC

