01176cas a2200361 a 4500
001 1345792
005 20141115171541.0
008 750520c19699999enkar         0   a0eng d
010    $a 74417170
022 0  $a 0071-3791
035    $a sf04092000 $a 7706025 $b NLMM $a 0255674 $b MULS
040    $a FUL $c FUL $d YUS $d NLM $d NSD $d IUL $d HUL $d m.c. $d HUL $d IUL $d OCL $d DLC $d NST $d DLC $d RCS $d DLC $d OCL $d MUL $d NST $d HUL $d m/c $d HUL $d NST $d HUL $d NST $d STA $d UtOrBLW
042    $a nsdp $a lc
043    $a a------ $a po-----
049    $a STAZ
050 00 $f Ref  $a DS1 $b .F3
222  4 $a The Far East and Australasia.
245 04 $a The Far East and Australasia.
264  1 $a London : $b Europa Publications, $c [1969-]
264  4 $c ©1969-
300    $a v. : $b ill., maps (some col.) ; $c 26 cm.
310    $a Annual.
336    $a text $b txt $2 rdacontent.
337    $a unmediated $b n $2 rdamedia.
338    $a volume $b nc $2 rdacarrier.
362 0  $a 1969-
651  0 $a Asia $v Periodicals.
651  0 $a Oceania $v Periodicals.
710 2  $a Europa Publications Limited.
907    $a .b11573119 $b 221207 $c 920115
998    $a urf $b 920115 $c s $d a   $e n $f eng $g enk $h 4
918    $a .bckstg $b 2014-10-14
936    $a Unknown $a 1979/80

