00992cam a2200277   4500
001 483133
005 20141115192116.0
008 721003t19691927paua     b    000 0 engm 
010    $a 72193679
040    $a DLC $c DLC $d m.c. $d STA $d UtOrBLW
049    $a STAM
090    $a PS3535.O25 $b Z9 1969
100 1  $a Van Doren, Mark, $d 1894-1972.
245 10 $a Edwin Arlington Robinson / $c by Mark Van Doren.
264  1 $a [Folcroft, Pa.] : $b Folcroft Press, $c [1969]
264  4 $c [©1927]
300    $a 93 p. : $b front. (port.), plates, facsim ; $c 23 cm.
336    $a text $b txt $2 rdacontent.
337    $a unmediated $b n $2 rdamedia.
338    $a volume $b nc $2 rdacarrier.
504    $a Bibliography: p. 93.
583 1  $a Committed to retain $c 20220701 $d 20320731 $f SCELC Shared Print $u https://scelc.org/libraries/shared-print $z retain for SCELC.
600 10 $a Robinson, Edwin Arlington, $d 1869-1935.
907    $a .b11821711 $b 220629 $c 920116
998    $a umn $b 920116 $c m $d a   $e - $f eng $g pau $h 0
918    $a .bckstg $b 2014-10-14

