01391cam a2200337M  4500
001 1049527372
003 OCoLC
005 20210407122630.0
008 870220s1969    pau           000 0 eng d
010    $a 70033948
035    $a (OCoLC)1049527372 $z (OCoLC)1006889961
040    $a PAU $b eng $c PAU $d OCLCO $d NLC $d OCLCF $d STA $d UtOrBLW
049    $a STAS
050  4 $a Q11 $b .P6 n.s.
100 1  $a Sellers, Charles Coleman, $d 1903-1980.
245 10 $a Charles Willson Peale with patron and populace : $b a supplement to Portraits and miniatures / $c by Charles Willson Peale with a survey of his work in other genres.
264  1 $a Philadelphia : $b American Philosophical Society, $c 1969.
300    $a 146 p. : $b illus., facsims., ports. ; $c 30 cm.
336    $a text $b txt $2 rdacontent.
337    $a unmediated $b n $2 rdamedia.
338    $a volume $b nc $2 rdacarrier.
490 1  $a Transactions of the American Philosophical Society, new ser., v.59, pt.3.
504    $a Includes bibliographical references and index.
600 10 $a Peale, Charles Willson, $d 1741-1827.
600 17 $a Peale, Charles Willson, $d 1741-1827. $2 fast $0 (OCoLC)fst00051044.
655  0 $a Bound-with books.
830  0 $a Transactions of the American Philosophical Society ; $v n.s.,v.59,pt.3.
907    $a .b11867425 $b 230201 $c 920116
998    $a umn $b 210331 $c m $d a   $e n $f eng $g pau $h 0
918    $a .bckstg $b 2016-12-01
919    $a .b $b 2020-05-26

