00869cam a2200277   4500
001 1032275
005 20141115200157.0
008 740821s1976    nyua     b    001 0 eng  
010    $a 74018024
020    $a 081090103X
040    $a DLC $c DLC $d m.c. $d STA $d UtOrBLW
049    $a STAM
090    $f Folio $a NE400 $b .E32
100 1  $a Eichenberg, Fritz, $d 1901-1990.
245 14 $a The art of the print: masterpieces, history, techniques.
264  1 $a New York : $b H. N. Abrams, $c [1976]
300    $a 611 p. : $b illus. (part col.) ; $c 30 cm.
336    $a text $b txt $2 rdacontent.
337    $a unmediated $b n $2 rdamedia.
338    $a volume $b nc $2 rdacarrier.
504    $a Bibliography: p. [590]-595.
650  0 $a Prints $x History.
650  0 $a Prints $x Technique.
907    $a .b12215879 $b 230929 $c 920120
998    $a umn $b 920120 $c m $d a   $e n $f eng $g nyu $h 4
918    $a .bckstg $b 2014-10-14

