03391cam a2200637 a 4500
001 1158642
003 OCoLC
005 20221021140310.0
008 870807s1678    enk           000 0 eng  
010    $a 42026958
035    $a (OCoLC)1158642 $z (OCoLC)23624204
040    $a DLC $b eng $e dcrmb $c DLC $d OCLCG $d AU@ $d CUS $d CUV $d OCLCA $d OCLCF $d OCLCO $d OCLCQ $d OCLCA $d OCL $d OCLCQ $d OCLCO $d YUS $d OCLCO $d UtOrBLW
043    $a e-uk-en
049    $a STAS
050 00 $a KD372.S53 $b S53 1679
051    $a KD372.S53 $b S53 1679 Copy 2
051    $a KD372.S73 $b S732 1678b
051    $a KD372.C64 $b C64 1678
051    $a AC901 $b .M5 vol. 1044, no. 18
082 04 $a 345.420231 $2 20
090    $f Folio $a DA448 $b .C7
100 1  $a Coleman, Edward, $d -1678.
245 14 $a The tryal of Edward Coleman, Gent., for conspiring the death of the King, and the subversion of the government of England and the Protestant religion : $b who upon full evidence was found guilty of high treason, and received sentence accordingly, on Thursday, November the 28th, 1678.
246 3  $a Trial of Edward Coleman, Gent., for conspiring the death of the King, and the subversion of the government of England and the Protestant religion.
264  3 $a London : $b Printed for Robert Pawlet at the Bible in Chancery-Lane near Fleet-street, $c 1678.
300    $a [4], 104 [i.e. 96] p. ; $c 31 cm.
336    $a text $b txt $2 rdacontent.
337    $a unmediated $b n $2 rdamedia.
338    $a volume $b nc $2 rdacarrier.
500    $a Signatures: [A]² B-X² 2A-2D².
500    $a Order to print on leaf [A]1v: November 28. 1678. I do appoint Robert Pawlet to print the Tryal ... no other person presume to print the same. William Scroggs.
500    $a Trial before the Court of King's Bench.
510 4  $a Wing (CD-ROM, 1996) $c T2185.
510 4  $a ESTC $c R4486.
600 10 $a Coleman, Edward, $d -1678 $v Trials, litigation, etc.
600 00 $a Charles $b II, $c King of England, $d 1630-1685.
600 07 $a Charles $b II, $c King of England, $d 1630-1685. $2 fast $0 (OCoLC)fst00038678.
600 17 $a Coleman, Edward, $d -1678. $2 fast $0 (OCoLC)fst01813140.
648  7 $a 1678 $2 fast.
650  0 $a Trials (Treason) $z England $z London $v Early works to 1800.
650  0 $a Popish Plot, 1678 $v Early works to 1800.
650  6 $a Procès (Trahison) $0 (CaQQLa)201-0030140 $z Angleterre $0 (CaQQLa)201-0472700 $z Londres $0 (CaQQLa)201-0472700 $v Ouvrages avant 1800. $0 (CaQQLa)201-0377050.
650  6 $a Complot papiste, 1678 $0 (CaQQLa)201-0059060 $v Ouvrages avant 1800. $0 (CaQQLa)201-0377050.
650  7 $a Trials (Treason) $2 fast $0 (OCoLC)fst01156419.
651  7 $a England $z London. $2 fast $0 (OCoLC)fst01204271.
655  0 $a Bound-with books.
655  7 $a Early works. $2 fast $0 (OCoLC)fst01411636.
655  7 $a Trials, litigation, etc. $2 fast $0 (OCoLC)fst01423712.
655  7 $a Trial proceedings $y 1678. $2 rbgenr.
710 1  $a England and Wales. $b Court of King's Bench.
752    $a England $d London.
776 08 $i Online version: $a Coleman, Edward, -1678. $t Tryal of Edward Coleman, Gent., for conspiring the death of the King, and the subversion of the government of England and the Protestant religion. $d London : Printed for Robert Pawlet at the Bible in Chancery-Lane near Fleet-street, 1678 $w (OCoLC)1013926378.
907    $a .b12274173 $b 221021 $c 920121
998    $a usc $b 220920 $c m $d a   $e n $f eng $g enk $h 4
918    $a .bckstg $b 2016-12-01
919    $a .b $b 2022-07-07

