07243ccm a22009251i 4500
001 16100623
003 OCoLC
005 20190109082155.0
008 880803m19589999gw mum         n    zxx  
010    $a m  58001467
016 7  $a 015060445 $2 Uk
024 2  $a 9790201850924 $q (Reihe I, Bd. 10 : Leinen)
024 2  $a 9790201850917 $q (Reihe I, Bd. 10 : Broschur)
024 2  $a 9790201850115 $q (Reihe I, Bd. 2 : Broschur)
024 2  $a 9790201850122 $q (Reihe I, Bd. 2 : Leinen)
024 2  $a 9790201850443 $q (Reihe I, Bd. 5b : Broschur)
024 2  $a 9790201850450 $q (Reihe I, Bd. 5b : Leinen)
024 2  $a 9790201851310 $q (Reihe I, Bd. 14 : Broschur)
024 2  $a 9790201851327 $q (Reihe I, Bd. 14 : Leinen)
024 2  $a 9790201853215 $q (Reihe XII, Bd. 4 : Broschur)
024 3  $a 9790201853222 $q (Reihe XII, Bd. 4 : Leinen)
024 2  $a 9790201857626 $q (Reihe XXV, Bd. 14 : Leinen)
024 2  $a 9790201857619 $q (Reihe XXV, Bd. 14 : Broschur)
024 2  $a 9790201857749 $q (Reihe XXVI, Bd. 2 : Borschur)
024 2  $a 9790201857756 $q (Reihe XXVI, Bd. 2 : Leinen)
024 2  $a 9790201857763 $q (Reihw XXVI, Bd. 3 : Broschur)
024 2  $a 9790201857770 $q (Reihe XXVI, Bd. 3 : Leinen)
024 2  $a 9790201858012 $q (Reihe XXVII, Bd. 3 : Broschur)
024 2  $a 9790201858029 $q (Reihe XXVII, Bd. 3 : Leinen)
024 2  $a 9790201858135 $q (Reihe XXVIII, Bd. 1 : Kritischer Bericht)
024 2  $a 9790201854830 $q (Reihe XXVIII, Bd. 2 : Broschur)
024 2  $a 9790201858234 $q (Reihe XXVIII, Bd. 2 : Kritischer Bericht)
024 2  $a 9790201858371 $q (Reihe XXVIII, Bd. 3, pt. 3)
024 2  $a 9790201855417 $q (Reihe XXII, Bd. 2 : Broschur)
024 2  $a 9790201855516 $q (Reihe XXII, Bd. 3 : Broschur)
024 2  $a 9790201855523 $q (Reihe XXII, Bd. 3 : Leinen)
024 2  $a 9790201855424 $q (Reihe XXII, Bd 2 : Leinen)
028 30 $a HN 5091 $b G. Henle (Broschur)
028 30 $a HN 5092 $b G. Henle (Leinen)
028 30 $a HN 5541 $b G. Henle (Broschur)
028 30 $a HN 5542 $b G. Henle (Leinen)
028 30 $a HN 5551 $b G. Henle (Broschur)
028 30 $a HN 5552 $b G. Henle (Leinen)
028 30 $a HN 5761 $b G. Henle (Broschur)
028 30 $a HN 5762 $b G. Henle (Leinen)
028 30 $a HN 5776 $b G. Henle (Broschur)
028 30 $a HN 5777 $b G. Henle (Leinen)
035    $a (OCoLC)16100623 $z (OCoLC)343222 $z (OCoLC)1746523 $z (OCoLC)13883422 $z (OCoLC)15545488 $z (OCoLC)17517990 $z (OCoLC)20376413 $z (OCoLC)21477523 $z (OCoLC)23977867 $z (OCoLC)26956869 $z (OCoLC)28932898 $z (OCoLC)62447589 $z (OCoLC)994477923 $z (OCoLC)1002876387 $z (OCoLC)1029653680 $z (OCoLC)1049766842
040    $a DLC $b eng $e rda $c DLC $d DRB $d PBE $d BUF $d UMC $d MNU $d MIQ $d CRU $d COF $d CLU $d CSU $d UKMGB $d ORC $d LML $d TXX $d NJG $d OCLCF $d COO $d NYP $d TYC $d WLU $d SFR $d PAU $d NLC $d OCLCO $d IXA $d NTE $d DLC $d NYP $d BRL $d TFW $d OCLCQ $d WAU $d NYP $d CPO $d SNN $d OCLCO $d WAU $d UIU $d UtOrBLW
041 0  $a eng $a ger $a ita $a lat $g ger
045    $a v6w9
047    $a sy $a co $a ms $a op $a or $a sg $a cn $a fm
049    $a STAM
050 00 $f Folio $a M3 $b .H46
082 04 $a 780.81 $b H32w
100 1  $a Haydn, Joseph, $d 1732-1809, $e composer.
240 10 $a Works. $f 1958.
245 10 $a Werke / $c Joseph Haydn ; herausgegeben vom Joseph Haydn-Institut, Köln, unter der Leitung von Jens Peter Larsen.
264  1 $a München : $b G. Henle, $c [1958]-<2018>
300    $a 1 score (<107> volumes) : $b facsimiles ; $c 33 cm.
336    $a notated music $b ntm $2 rdacontent.
337    $a unmediated $b n $2 rdamedia.
338    $a volume $b nc $2 rdacarrier.
500    $a Volumes issued after 1961 edited by Georg Feder and others.
505 0  $a Ser. I. Sinfonien (18 in <17> v.) -- ser.II. Concertante -- ser. III, v. 1. Konzerte für Violine und Orchester -- ser. III, v. 2. Konzerte für Violoncello und Orchester -- ser. III, v. 3. Konzerte für ein Blasinstrument und Orchester -- ser. IV. Die Sieben letzten Worte unseres Erlösers am Kreuze (Orchesterfassung) -- ser. V. Tänze und Märsche -- ser. VI, v. 1. Concerti mit Orgelleiern -- ser. VI, v. 2. Streichquintette -- ser. VII. Notturni mit Orgelleiern -- ser. VIII, v. 1. Divertimenti zu fünf und mehr Stimmen für Streich-und Blasinstrumente -- ser. VIII, v. 2. Bläserdivertimenti und "Scherzandi" -- ser. IX. Trios für Blas- und Streichinstrumente -- ser. X. Streichduos -- ser. XI. Streichtrios (2 v.) -- ser. XII, v. 1. Frühe Streichquartette -- ser. XII, v. 2-6. Streichquartette -- ser.XIII. Werke mit Baryton --ser.XIV. Barytontrios (5 v.) -- ser. XV, v. 2. Konzerte für Klavier (Cembalo) und Orchester -- ser. XVI. Concertini und Divertimenti -- ser. XVII. Klaviertrios (3 v.) -- ser. XVIII. Klaviersonaten (3 v.) -- ser. XiX/XX. Klavierstücke und Werke für Klavier zu vier Händen -- ser. XXI. Stücke für das Laufwerk -- ser. XXII, v. 1. Stabat mater -- ser. XXII, v. 2. Verschiedene kirchenmusikalische Werke, 1. Folge -- ser. XXII, v. 3. Verschiedene kirchenmusikalische Werke, 2. Folge -- ser. XXIII. Messen (5 in <6> v.) -- ser. XXIV, v.1. Philemon und Baucis -- ser. XXIV, v. 2. Textbücher verschollener Singspiele -- ser. XXIV, v. 3. Die Feuersbrunst -- ser. XXV, v. 1. Acide und andere Fragmente italienischer Opern -- ser. XXV, v. 2. La Canterina -- ser. XXV, v. 3. Lo speziale -- ser. XXV, v. 4. La Pescatrici -- ser. XXV, v. 5. L'Infedeltà Delusa -- ser. XXV, 6. L'Incontro Improvviso (2 v.) -- ser. XXV, v. 7. Il Mondo Della Luna (3 v.) -- ser. XXV, v. 8. La Vera Costanza -- ser. XXV, v. 9. L'Isola Disabitata -- ser. XXV, v. 10. La Fedeltà Premiata (2 v.) -- ser. XXV, v. 11. Orlando Paladino (2 v.) -- ser. XXV, v. 12. Armida -- ser. XXV, v. 13. L'Anima Del Filosofo -- ser.XXV, v.14. Libretti der Opern Joseph Haydns -- ser. XXVI, v. 1. Arien und Szenen mit Orchester -- ser. XXVI, v. 2. Arien, Szenen, Ensembles, 2. Folge -- ser. XXVI, v. 3. Bearbeitungen von Arien und Szenen anderer Komponisten, 1. Folge -- ser. XXVII, v. 1. Kantaten mit Orchester für das Fürstenhaus Esterházy -- ser. XXVII, v. 2. Applausus -- ser. XXVII, v. 3. Chöre, Schauspielmusik und andere Vokalwerke mit Orchester -- ser. XXVIII, v. 1. Il Ritorno di Tobia (2 v.) -- ser. XXVIII, v. 1. Il Ritorno di Tobia (Kritischer Bericht) -- ser. XXVIII, v. 2. Die Sieben letzten Worte unseres Erlösers am Kreuze (Vokalfassung) -- ser. XXVIII, v. 2. Die Sieben letzten Worte unseres Erlösers am Kreuze (Kritischer Bericht) -- ser. XXVIII, v. 3. Die Schöpfung (3 v.) -- ser. XXVIII, v. 4. Die Jahreszeiten (2 v.) -- ser. XXIX, v. 1. Lieder -- ser. XXIX, v. 2. Verschiedene Gesänge -- ser. XXX. Mehrstimmige Gesänge -- ser. XXXI. Kanons -- ser. XXXII, v. 1-5. Volksliedbearbeitungen.
546    $b Staff notation.
650  0 $a Music.
650  7 $a Music. $2 fast $0 (OCoLC)fst01030269.
655  7 $a Music. $2 lcgft.
655  7 $a Scores. $2 lcgft.
655  7 $a Music. $2 fast $0 (OCoLC)fst01423855.
700 1  $a Larsen, Jens Peter, $d 1902-1988, $e editor.
700 1  $a Feder, Georg, $e editor.
710 2  $a Joseph Haydn-Institut, $e editor.
776 08 $i Online version: $a Haydn, Joseph, 1732-1809. $s Works. 1958. $t Werke. $d München : G. Henle, [1958]-<2008> $w (OCoLC)635571712.
800 1  $a Haydn, Joseph, $d 1732-1809. $t Works. $f 1958.
907    $a .b12483771 $b 230130 $c 920122
998    $a umn $b 181001 $c m $d c   $e - $f zxx $g gw  $h 0
918    $a .bckstg $b 2016-12-01
919    $a .b $b 2016-12-01

