01119nam a2200325 i 4500
001 2507155
005 20141115204705.0
008 760916s1976    pau      b    001 0 engm 
010    $a 75046188
020    $a 0871696614
040    $a DLC $c DLC $d m.c. $d m/c $d STA $d UtOrBLW
043    $a e-gx---
049    $a STAM
090    $f Folio $a Q11 $b .P6 n.s.
100 1  $a Zeender, John K.
245 14 $a The German Center Party, 1890-1906 / $c John K. Zeender.
264  1 $a Philadelphia : $b American Philosophical Society, $c 1976.
300    $a 125 p. ; $c 30 cm.
336    $a text $b txt $2 rdacontent.
337    $a unmediated $b n $2 rdamedia.
338    $a volume $b nc $2 rdacarrier.
490 1  $a Transactions of the American Philosophical Society ; new ser., v. 66, pt. 1, $x 0065-9746.
500    $a Includes index.
504    $a Bibliography: p. 120-122.
655  0 $a Bound-with books.
610 20 $a Deutsche Zentrumspartei.
830  0 $a Transactions of the American Philosophical Society ; $v new ser., v. 66, pt. 1.
907    $a .b12655946 $b 210505 $c 920122
998    $a umn $b 920122 $c m $d a   $e - $f eng $g pau $h 4
918    $a .bckstg $b 2014-10-14

