03936cam a2200625 a 4500
001 2589358
003 OCoLC
005 20221021140310.0
008 960409s1679    enk           000 0 eng  
010    $a 09012738
035    $a (OCoLC)2589358
040    $a DLC $b eng $c DLC $d AU@ $d KRTAS $d EYM $d CUV $d OCLCQ $d OCLCF $d OCLCO $d OCL $d OCLCO $d OCL $d OCLCA $d DHA $d PAU $d OCLCQ $d OCL $d OCLCO $d UtOrBLW
043    $a e-uk--- $a e-uk-en
049    $a STAS
050 00 $a KD372.W34 $b T79 1679
051    $a KD372.S53 $b S53 1679 Copy 2 $c Imperfect: first blank leaf wanting. Signed by former owner John Crewe. With: Coleman,  Edward. The tryal of Edward Coleman,  gent.,  for conspiring the death of the King,  and the subversion of the government of England and the Protestant religion. London : Printed for Robert Pawlet,  1678. Bound together subsequent to publication.
051    $a KD372.C64 $b C64 1678 $c With: Coleman,  Edward. The tryal of Edward Coleman,  Gent.,  for conspiring the death of the King,  and the subversion of the government of England and the Protestant religion. London : Printed for Robert Pawlet  ...,  1678. Bound together subsequent to publication.
051    $a AC901 $b .M5 vol. 1143, no. 2
082 04 $a 345.420231 $2 20
090    $f Folio $a DA448 $b .W35
245 04 $a The tryals of Sir George Wakeman, Barronet, William Marshall, William Rumley, and James Corker, Benedictine monks, for high treason, for conspiring the death of the King, subversion of the government, and Protestant religion : $b at the Sessions in the Old-Baily, holden for London and Middlesex, on Fryday the 18th of July 1679.
246 3  $a Trials of Sir George Wakeman, Barronet, William Marshall, William Rumley, and James Corker, Benedictine monks, for high treason, for conspiring the death of the King, ubversion of the government, and Protestant religion.
264  3 $a London : $b Printed for H. Hills ... [and 5 others], $c 1679.
300    $a [4], 84 pages (the first leaf blank) ; $c 31 cm.
336    $a text $b txt $2 rdacontent.
337    $a unmediated $b n $2 rdamedia.
338    $a volume $b nc $2 rdacarrier.
500    $a "Published by authority."
500    $a Signatures: [A]² B-Y².
510 4  $a Wing (2nd ed.), $c T2259.
510 4  $a ESTC $c R13879.
520    $a The defendants were tried for being a part of the "Popish plot", an alleged conspiracy, asserting that English Catholics were trying to replace King Charles II with James, his Catholic brother. All four were acquitted.
600 10 $a Wakeman, George, $c Sir, $d active 1668-1685 $v Trials, litigation, etc.
600 17 $a Wakeman, George, $c Sir, $d active 1668-1685. $2 fast $0 (OCoLC)fst01856643.
648  7 $a 1660-1685 $2 fast.
650  0 $a Trials (Treason) $z England $z London.
650  0 $a Popish Plot, 1678 $v Early works to 1800.
651  0 $a Great Britain $x History $y Charles II, 1660-1685 $v Sources.
650  6 $a Procès (Trahison) $0 (CaQQLa)201-0030140 $z Angleterre $0 (CaQQLa)201-0472700 $z Londres. $0 (CaQQLa)201-0472700.
650  6 $a Complot papiste, 1678. $0 (CaQQLa)201-0059060.
651  6 $a Grande-Bretagne $0 (CaQQLa)201-0059061 $x Histoire $0 (CaQQLa)201-0059061 $y 1660-1685 (Charles II) $0 (CaQQLa)201-0059061 $v Sources. $0 (CaQQLa)201-0378222.
650  7 $a Trials (Treason) $2 fast $0 (OCoLC)fst01156419.
651  7 $a England $z London. $2 fast $0 (OCoLC)fst01204271.
651  7 $a Great Britain. $2 fast $0 (OCoLC)fst01204623.
655  0 $a Bound-with books.
655  7 $a History. $2 fast $0 (OCoLC)fst01411628.
655  7 $a Sources. $2 fast $0 (OCoLC)fst01423900.
655  7 $a Trials, litigation, etc. $2 fast $0 (OCoLC)fst01423712.
655  7 $a Trial proceedings $y 17th century. $2 rbgenr.
700 1  $a Wakeman, George, $c Sir, $d active 1668-1685.
710 1  $a England and Wales. $b Court of Oyer and Terminer and Gaol Delivery (London and Middlesex)
907    $a .b12675283 $b 221021 $c 920122
998    $a usc $b 220920 $c m $d a   $e n $f eng $g enk $h 4
918    $a .bckstg $b 2016-12-01
919    $a .b $b 2022-07-07

