01360nam a2200361 i 4500
001 2689389
005 20141115205141.0
008 770104s1976    paua     b    001 0bengm 
010    $a 76024256
020    $a 0871696665
040    $a DLC $c DLC $d m.c. $d m/c $d STA $d UtOrBLW
043    $a e-it---
049    $a STAM
090    $f Folio $a Q11 $b .P6 n.s.
100 1  $a Maestro, Marcello T., $d 1907-
245 10 $a Gaetano Filangieri and his Science of legislation / $c Marcello Maestro.
264  1 $a Philadelphia : $b American Philosophical Society, $c 1976.
300    $a 76 p. : $b ill. ; $c 30 cm.
336    $a text $b txt $2 rdacontent.
337    $a unmediated $b n $2 rdamedia.
338    $a volume $b nc $2 rdacarrier.
490 1  $a Transactions of the American Philosophical Society ; new ser., v. 66, pt. 6, $x 0065-9746.
500    $a On spine: Filangieri and his Science of legislation.
500    $a Includes index.
504    $a Bibliography: p. 72-73.
600 10 $a Filangieri, Gaetano, $d 1752-1788. $t Scienza della legislazione.
650  0 $a Lawyers $z Italy $v Biography.
655  0 $a Bound-with books.
740 0  $a Filangieri and his Science of legislation.
830  0 $a Transactions of the American Philosophical Society ; $v new ser., v. 66, pt. 6.
907    $a .b12700162 $b 230201 $c 920123
998    $a umn $b 920123 $c m $d a   $e n $f eng $g pau $h 0
918    $a .bckstg $b 2014-10-14

