00847nam a2200253I  4500
001 2974095
005 20141115205748.0
008 770517s1963    xx            000 0 eng d
040    $a DMM $c DMM $d m.c. $d STA $d UtOrBLW
049    $a STAM
090    $a DB97 $b .B7 1963a
100 1  $a Brook-Shepherd, Gordon, $d 1918-2004.
245 14 $a The Anschluss.
264  1 $a Philadelphia : $b Lippincott, $c [1963]
300    $a xxv, 222 p. : $b illus. ; $c 22 cm.
336    $a text $b txt $2 rdacontent.
337    $a unmediated $b n $2 rdamedia.
338    $a volume $b nc $2 rdacarrier.
500    $a First published in London in 1963 under title: Anschluss: the rape of Austria.
691    $a Austria $x History $y 1938-1945.
690    $a Anschluss movement, 1918-1938.
907    $a .b12758978 $b 141124 $c 920123
998    $a umn $b 920123 $c m $d a   $e - $f eng $g xx  $h 4
918    $a .bckstg $b 2014-10-14

