01107nam a2200289I  4500
001 2986534
005 20141115205815.0
008 770523s19689999xx            000 0 germ 
010    $a 78352552
040    $a DLC $c OBE $d m.c. $d STA $d UtOrBLW
041 0  $a ger $a eng $a fre
049    $a STAM
090    $a B20 $b .I6 1968
111 2  $a International Congress of Philosophy $n (14th : $d 1968 : $c Vienna)
245 10 $a Akten des XIV. Internationalen Kongresses für Philosophie, Wien. 2.-9. Sept. 1968.
264  1 $a Wien : $b Herder, $c 1968-
300    $a v. : $b ill. ; $c 24 cm.
336    $a text $b txt $2 rdacontent.
337    $a unmediated $b n $2 rdamedia.
338    $a volume $b nc $2 rdacarrier.
500    $a Added title pages in English and French; contributions in English, French, or German.
504    $a Bibliographical footnotes.
583 1  $a Committed to retain $c 20220701 $d 20320731 $f SCELC Shared Print $u https://scelc.org/libraries/shared-print $z retain for SCELC.
650  0 $a Philosophy $v Congresses.
907    $a .b12763111 $b 231031 $c 920123
998    $a umn $b 920123 $c m $d a   $e - $f ger $g xx  $h 0
918    $a .bckstg $b 2014-10-14

