01007cam a2200277Ii 4500
001 3287013
005 20141115210434.0
008 770922s1950    xx            000 0ceng d
040    $a ISB $c ISB $d m.c. $d OCL $d STA $d UtOrBLW
041 1  $a eng $a grc
049    $a STAM
090    $a DE7 $b .P5 1950
100 0  $a Plutarch.
245 10 $a Twelve lives / $c Plutarch ; translated by John Dryden ; introduction by Carl Van Doren.
264  1 $a Cleveland : $b World Publishing Co., $c 1950.
300    $a 529 p. ; $c 20 cm.
336    $a text $b txt $2 rdacontent.
337    $a unmediated $b n $2 rdamedia.
338    $a volume $b nc $2 rdacarrier.
490 1  $a The Living library.
505 0  $a Introduction.--Lycurgus.--Numa Pompilius.--Solon.--Pericles.--Alcibiades.--Coriolanus.--Alexander.--Caesar.--Demosthenes.--Cicero.--Antony.--Marcus Brutus.
700 1  $a Dryden, John, $d 1631-1700.
830  0 $a Living library.
907    $a .b12823697 $b 150125 $c 920123
998    $a umn $b 920123 $c m $d a   $e - $f eng $g xx  $h 0
918    $a .bckstg $b 2014-10-14

