00953nam a2200289I  4500
001 4579796
005 20141115212407.0
008 790124s1955    xx            000 0 eng d
040    $a CLE $c CLE $d m.c. $d STA $d UtOrBLW
049    $a STAC
090    $a F856.B6 $b K4 no.19
110 2  $a Book Club of California.
245 14 $a The vine in early California.
264  1 $a [San Francisco] : $b [publisher not identified], $c 1955.
300    $a 12 pts. in 1.
336    $a text $b txt $2 rdacontent.
337    $a unmediated $b n $2 rdamedia.
338    $a volume $b nc $2 rdacarrier.
490 1  $a Its Keepsake series.
500    $a Edited by Joseph Henry Jackson.
690    $a Grape culture $z California.
690    $a Wine and wine making $z California.
700 1  $a Jackson, Joseph Henry, $d 1894-1955.
830  0 $a Keepsake series (Book Club of California)
907    $a .b13010050 $b 230804 $c 920124
998    $a usc $b 920124 $c m $d a   $e n $f eng $g cau $h 4
918    $a .bckstg $b 2014-10-14

