00378nam a2200109 a 4500
008                                         
099    $a Folio M2.R238
245  0 $a Recent researches in the music of the baroque era.
260 1  $a Madison [Wis., etc.] : A-R Editions, inc., 1964-
590    $a ACQUISITIONS RECORD ONLY.
907    $a .b13116642 $b 230919 $c 920218
998    $a umn $b        $c s $d a   $e y $f eng $g wiu $h 0

