01442cas a2200397   4500
001 3644785
005 20141115213602.0
008 780216c19779999njuar    o    0   a0eng d
010    $a 77099209
022 0  $a 0163-3058
035    $a 162869A $b MULS
040    $a LUU $c LUU $d YUS $d OCL $d DLC $d NSD $d DLC $d OCL $d NSD $d OCL $d NSD $d DLC $d m.c. $d DLC $d NST $d NSD $d OCL $d NSD $d NST $d IUL $d NST $d STA $d UtOrBLW
042    $a lc $a nsdp
043    $a n-us---
049    $a STAZ
050 0  $f Ref $a Z1219 $b .M33
222  0 $a Magill's literary annual.
245 00 $a Magill's literary annual.
264  1 $a Englewood Cliffs, N.J. : $b Salem Press.
300    $a v. ; $c 24 cm.
310    $a Annual.
336    $a text $b txt $2 rdacontent.
337    $a unmediated $b n $2 rdamedia.
338    $a volume $b nc $2 rdacarrier.
362 0  $a 1977-
500    $a "Essay-reviews of 200 outstanding books published in the United States during the previous year."
500    $a Editor: 1977-   F. N. Magill.
515    $a Each issue published in 2 or more vols.
650  0 $a Books $v Reviews $v Periodicals.
651  0 $a United States $v Imprints $x Book reviews $v Periodicals.
700 1  $a Magill, Frank N. $q (Frank Northen), $d 1907-1997.
780 00 $t Masterplots annual $w (OCoLC)5819318.
785 01 $t Magill's history annual $x 0740-4344 $w (DLC)   84640941 $w (OCoLC)9951805.
907    $a .b13124262 $b 230516 $c 920218
998    $a urf $b 920218 $c s $d a   $e n $f eng $g nju $h 0
918    $a .bckstg $b 2014-10-14

