01590nas a2200433ua 4500
001 82-S11
005 20141115213731.0
008 820216c19759999aluax p   g   0    0eng  
010    $a 75643789
022    $a 0098-5961
037    $b University of Alabama School of Law, Box 1435. University, AL 35486.
040    $d CU-AL $d CStclU-L $d UtOrBLW
042    $a lc $a nsdp
043    $a n-us-al
090    $a K12 $b .L3764
222  0 $a Law & psychology review.
245 00 $a Law & psychology review.
246 2  $a Law and psychology review.
246 1  $a Law & Psychol. Rev.
264  1 $a [University, Ala.] : $b [publisher not identified], $c 1975-
300    $a v. ; $c 26 cm.
310    $a Annual.
336    $a text $b txt $2 rdacontent.
337    $a unmediated $b n $2 rdamedia.
338    $a volume $b nc $2 rdacarrier.
362 0  $a Spring 1975-
515    $a Issues for 1976-    called also v. 2-
550    $a Published: University, Ala. : University of Alabama, 1975-1977; Unive  rsity. Ala. : University of Alabama. School of Law, 1978-
590    $a PRINT SUBSCRIPTION CANCELLED JULY, 2014.
590  4 $a Discarded HeinOnline.
650  0 $a Psychology $v Periodicals.
650  0 $a Law $v Periodicals.
690  0 $a Law reviews $z Alabama.
690  1 $a WWW.
710 2  $a University of Alabama. $b School of Law.
856 41 $u https://www.heinonline.org/HOL/Index?index=journals/lpsyr&collection=journals $z Connect to Law & Psychology Review via HeinOnline
907    $a .b13142355 $b 220919 $c 920219
998    $a heafe $a hwww $a hper $b 111031 $c s $d a   $e y $f eng $g alu $h 0
918    $a .bckstg $b 2014-10-14

