01302cas a2200373ua 4500
001 86-S55
005 20141115213833.0
008 860416c19779999caumr p       0    0eng d
010    $a sn 78006660
022 0  $a 0164-7040
037    $b 107 Caledonia, Suite E, Sausalito, CA 94965
040    $a NSDP $d CLOM $d CUL $d CStclU-L $d UtOrBLW
042    $a nsdp
090    $a KFC115.A59 $b C3
210 0  $a Calif. fam. law rep.
222  0 $a California family law report.
245 00 $a California family law report.
246 13 $a CFLR.
264  1 $a [San Francisco, Calif.] : $b [California Family Law Report, Inc.], $c [1977-]
310    $a monthly, $b <Oct. 1982->
321    $a Semimonthly, $b 1977-1979.
321    $a semimonthly (except monthly Jan., July, Aug., Dec.), $b 1980-<Sept. 27, 1982->
336    $a text $b txt $2 rdacontent.
337    $a unmediated $b n $2 rdamedia.
338    $a volume $b nc $2 rdacarrier.
362 0  $a Vol. 1, no. 1 (Jan. 3, 1977)-
590    $a SUBSCRIPTION CANCELED AFTER Vol.  33 (2009).
590    $a Loyola scanned.
650  0 $a Domestic relations $z California $v Digests.
650  0 $a Domestic relations $z California $v Periodicals.
690  0 $a Law $v Periodicals.
907    $a .b13152063 $b 200825 $c 920219
998    $a heafe $b 920219 $c s $d 1   $e n $f eng $g cau $h 0
918    $a .bckstg $b 2014-10-14

