02590cas a2200577 a 4500
001 87-S139
005 20141115213850.0
008 870605c19909999caudn n       0   a0eng d
010    $a sn 91004403
022 0  $a 1059-2636
032    $a 465480 $b USPS
040    $a CU-SC $c CU-SC $d NSDP $d CStclU-L $d UtOrBLW
042    $a nsdp $a lcd
090    $a K23 $b .S335
130 0  $a San Francisco daily journal (1990)
210 0  $a San Franc. dly. j. $b (1990)
222  0 $a San Francisco daily journal $b (1990)
245 10 $a San Francisco daily journal.
246 1  $a SFDJ.
246 1  $a DAR.
246 1  $a D.A.R.
246 13 $a Daily journal online.
264  1 $a San Francisco, Calif. : $b Daily Journal Corp., $c [1990-]
264  4 $c ©1990-
300    $a v. : $b ill. ; $c 56 cm.
310    $a Daily (except legal holidays, Saturday, and Sunday), $b <Sept. 9, 1991->
321    $a Daily (except Saturday and Sunday), $b <May 22, 1991->
336    $a text $b txt $2 rdacontent.
337    $a unmediated $b n $2 rdamedia.
338    $a volume $b nc $2 rdacarrier.
362 0  $a Vol. 96, no. 102 (May 21 [i.e., May 22], 1990)-
500    $a Title from caption.
500    $a Has supplements: Daily appellate report, and: California law business, and: The new lawyer.
580    $a Replaces Los Angeles daily journal for the area of Northern California.
650  0 $a Law $z California $v Periodicals.
650  0 $a Law reports, digests, etc. $z California.
690  0 $a Law $v Periodicals.
730 0  $a Daily appellate report.
730 0  $a Los Angeles daily journal.
730 0  $a California law business.
730 0  $a New lawyer.
770 0  $t Daily appellate report $w (OCoLC)16531600.
770 0  $t California law business.
780 00 $t San Francisco banner daily journal $w (OCoLC)16531608.
787 0  $a Los Angeles daily journal.
850    $f 0 $g 4 $h 6 $i Current 6 months only.
856 41 $u http://www.dailyjournal.com/ $z Connect to: Daily Journal Online (access restricted to Law School faculty, staff, and students; see reference librarian for access information) *** NOTICE:  THE DAILY JOURNAL CHARGES FOR SEARCHING THESE DATABASES:  Verdicts & Settlements ($3.00/search); Daily Journal Archive ($2.00/search); Profiles of Judges ($15.00/search)
856 41 $u http://www.dailyjournal.com/ $z Connect to the Daily appellate report (Select "SEARCH", then select "Daily Appellate Report")  (password required; see reference librarian for access information)
907    $a .b13154783 $b 231109 $c 920219
998    $a heafe $a hwww $a hfol $b 111031 $c s $d 1   $e l $f eng $g cau $h 0
918    $a .bckstg $b 2014-10-14

