01366cas a2200373 a 4500
001 88-S89
005 20141115213903.0
008 880418c19889999caudn pe  g   0    0eng d
037    $b 76 West St. John St., San Jose, Calif., 95113
040    $a CSt $c CSt $d CLL $d CStclU-L $d UtOrBLW
043    $a n-us-ca
090    $a K23 $b .S34
245 00 $a San Jose post-record.
264  1 $a San Jose, CA : $b Daily Journal Corp., $c 1988-
300    $a v. ; $c 44 cm.
310    $a Daily except Saturdays, Sundays and federal holidays $b Dec. 2009-
321    $a Tuesdays, Wednesdays, and Fridays $b Apr. 1998-Dec. 2009.
321    $a Daily except Saturdays and Sundays $b Feb. 1988-Apr. 1998.
336    $a text $b txt $2 rdacontent.
337    $a unmediated $b n $2 rdamedia.
338    $a volume $b nc $2 rdacarrier.
362 0  $a Feb. 29, 1988-
500    $a Title from caption.
515    $a Vol. numbering irregular.
580    $a Absorbed: Advocate journal, July 1, 1988.
650  0 $a Law $z California $v Periodicals.
650  0 $a Law reports, digests, etc. $z California.
690  0 $a Law $v Periodicals.
780 00 $t Post-record.
780 15 $t Advocate journal (San Jose, Calif : 1986) $x 0892-2225.
850    $f 0 $g 4 $h 6 $i Library retains current 6 months only.
907    $a .b13156809 $b 231017 $c 920219
998    $a heafe $a hfol $b 920219 $c s $d 1   $e n $f eng $g cau $h 0
918    $a .bckstg $b 2014-10-14

