01938cas a2200481 a 4500
001 89-S141
005 20141115213925.0
008 890523c19609999mnuwn    w    0   a0eng  
010    $a 60050464
037    $b West Publishing Co., 50 Kellogg Blvd., St. Paul, MN  55102.
040    $c CU-AL $d CU-AL $d CWhC-L $d MH-L $d CStclU-L $d UtOrBLW
043    $a n-us-ca
090    $a KFC47 $b .C32
245 00 $a West's California reporter.
246 10 $a California reporter.
246 1  $a Cal. Rptr.
246 1  $a Cal. Rptr. 2d.
246 1  $a California reporter 2d.
246 1  $a West's California reporter 2d.
246 1  $a Cal. Rptr. 3d.
246 1  $a California reporter 3d.
246 1  $a West's California reporter 3d.
264  1 $a St. Paul : $b West Pub. Co., $c 1960-
300    $a v. ; $c 27 cm.
310    $a Weekly, with bound cumulations.
336    $a text $b txt $2 rdacontent.
337    $a unmediated $b n $2 rdamedia.
338    $a volume $b nc $2 rdacarrier.
362 0  $a Vol. 1-v. 286, no. 6 (Nov. 29, 1991); 2nd ser., v. 1, no. 1 (Dec. 6, 1991)-v.135, no. 3 (July 11, 2003); 3rd ser., v. 1, no. 1 (July 18, 2003)-
500    $a Weekly issues for <Dec. 6, 1976-Jan. 3, 1977> had title: California reporter.
500    $a "Cases argued and determined in the Supreme Court, District Courts of Appeal, Appellate Department Superior Court."
580    $a Continues: California reporter, covering cases reported in Pacific reporter.
590    $a SUBSCRIPTION FOR 2ND COPY CANCELLED 4/09.
590    $a Charney scanned.
650  0 $a Law reports, digests, etc. $z California.
710 1  $a California. $b Supreme Court.
710 2  $a West Publishing Company.
780 10 $t California reporter.
787 1  $t California reporter $w (OCoLC)3312800.
850    $f 0 $g 4 $j 1-286; 2nd ser.,1-135;3rd ser.,1- $k 1960-
907    $a .b13160400 $b 231107 $c 920219
998    $a heafe $a hchar $b 111031 $c s $d a   $e n $f eng $g mnu $h 0
918    $a .bckstg $b 2014-10-14

