01078nam a2200301   4500
001 6164
005 20141115215104.0
008 690408m19699999pau      b   |001 0 engm 
010    $a 69018745
040    $a DLC $c DLC $d m.c. $d STA $d UtOrBLW
049    $a STAM
090    $f Folio $a Q11 $b .P6 n.s.
100 1  $a Cardona, George, $d 1926-
245 10 $a Studies in Indian grammarians.
264  1 $a Philadelphia : $b American Philosophical Society, $c 1969-
300    $a v. ; $c 30 cm.
336    $a text $b txt $2 rdacontent.
337    $a unmediated $b n $2 rdamedia.
338    $a volume $b nc $2 rdacarrier.
490 1  $a Transactions of the American Philosophical Society, new ser., v. 59, pt. 1.
505 1  $a The method of description reflected in the śivasūtras.
504    $a Bibliography: v. 1, p. 43-44.
650  0 $a Indo-Aryan languages $x Grammar.
655  0 $a Bound-with books. 
830  0 $a Transactions of the American Philosophical Society ; $v new ser., v. 59, pt. 1.
907    $a .b13271751 $b 210401 $c 920404
998    $a umn $b 920404 $c m $d a   $e - $f eng $g pau $h 0
918    $a .bckstg $b 2014-10-14

