01304cas a2200361   4500
001 1480704
005 20141115220804.0
008 750726c19329999dcuqr p       0   a0eng d
010    $a 33020171
022 0  $a 0003-0937
032    $a 023160 $b USPS
037    $b United Chapters of Phi Beta Kappa, 1811 Q Street, N.W., Washington, DC 20009
040    $a MUL $c MUL $d FUL $d SUL $d OCL $d BTI $d YUS $d NSD $d DLC $d SER $d AIP $d NSD $d AIP $d HUL $d AIP $d NST $d OCL $d NST $d NSD $d STA $d UtOrBLW
042    $a nsdp $a lc
049    $a STAP
050 00 $a AP2 $b .A4572
245 04 $a The American scholar.
264  1 $a Washington [etc.] : $b United Chapters of Phi Beta Kappa [etc.]
300    $a v. : $b ill., plates, ports. ; $c 26 cm.
336    $a text $b txt $2 rdacontent.
337    $a unmediated $b n $2 rdamedia.
338    $a volume $b nc $2 rdacarrier.
362 0  $a v. 1-   Jan. 1932-
500    $a Editor:  1932-   W. A. Shimer.
500    $a Denise Levertov contributed to vol. 36, no. 2 (spring 1967)
700 1  $a Shimer, William Allison, $d 1894-
700 1  $a Levertov, Denise, $d 1923-1997.
710 2  $a Phi Beta Kappa.
740 0  $a Denise Levertov collection.
780 02 $t Phi Beta Kappa key $w (OCoLC)1762200.
907    $a .b13434020 $b 230908 $c 920410
998    $a upr $a usc $b 920410 $c s $d 1   $e n $f eng $g dcu $h 4
918    $a .bckstg $b 2014-10-14

