00829nam a22002538a 4500
001 20265559
005 20141115221700.0
008 890809s1989    nyu           001 0 eng  
010    $a 89013109
020    $a 0066326079
040    $a DLC $c DLC $d STA $d UtOrBLW
049    $a STAM
050 0  $a P51 $b .O94 1989
100 1  $a Oxford, Rebecca L.
245 10 $a Language learning strategies : $b what every teacher should know / $c by Rebecca L. Oxford.
264  1 $a New York : $b Newbury House Publisher, $c 1989.
300    $a xxii, 342 p. : $b ill. ; $c 24 cm.
336    $a text $b txt $2 rdacontent.
337    $a unmediated $b n $2 rdamedia.
338    $a volume $b nc $2 rdacarrier.
650  0 $a Language and languages $x Study and teaching.
907    $a .b13515238 $b 141124 $c 920412
998    $a umn $b 920412 $c m $d a   $e - $f eng $g nyu $h 0
918    $a .bckstg $b 2014-10-14

