01544cas a2200397Ia 4500
001 21172925
005 20141115222018.0
008 900305c19029999cauar         0    0eng d
040    $a LPU $c LPU $d STA $d UtOrBLW
049    $a STAM
090    $f Folio $a LD4881.S27 $b R43
245 04 $a The Redwood.
246 13 $a Last roundup.
246 13 $a Laurel.
264  1 $a Santa Clara, CA : $b Santa Clara College, $c 1902-
300    $a v. : $b ill. (some col.) ; $c 28-32 cm.
310    $a Annual.
336    $a text $b txt $2 rdacontent.
337    $a unmediated $b n $2 rdamedia.
338    $a volume $b nc $2 rdacarrier.
362 0  $a Vol. 1, no. 1 (Oct. 17, 1902)-
500    $a Vols. for 1942-1943 called: The Last roundup; vol. for 1946 called: The Laurel.
515    $a Drops enumeration in 1937; assumes the enumeration in 1974 as vol. 70.
550    $a Issued by: Santa Clara College, 1902-1912; University of Santa Clara, 1913-1985; Santa Clara University, 1986-
610 20 $a Santa Clara College (Calif.) $x Students $v Periodicals.
610 20 $a University of Santa Clara $x Students $v Periodicals.
610 20 $a Santa Clara University (Calif.) $x Students $v Periodicals.
650  0 $a College yearbooks $z California $z Santa Clara.
710 2  $a Santa Clara College (Calif.)
710 2  $a University of Santa Clara.
710 2  $a Santa Clara University (Calif.)
730 0  $a Santa Clara University.
907    $a .b1354407x $b 210624 $c 920412
998    $a (366)usc $a (100)umn $b 920412 $c s $d a   $e - $f eng $g cau $h 4
918    $a .bckstg $b 2014-10-14
921    $a Santa Clara

