01702cam a2200397 a 4500
001 90-B1639
005 20141115222517.0
008 901001m19909999cau           000 0 eng d
040    $a CSfBPH $c CSfBPH $d CLSL $d CSM $d CStclU-L $d UtOrBLW
043    $a n-us-ca
090    $a KFC35 1990 $b .A22
245 00 $a Barclays official California code of regulations.
246 1  $a Cal. Code regs.
246 1  $a CCR.
246 1  $a C.C.R.
250    $a Revised edition.
264  1 $a South San Francisco, CA : $b Barclays Law Publishers, $c 1990-
300    $a v. (loose-leaf) ; $c 30 cm.
336    $a text $b txt $2 rdacontent.
337    $a unmediated $b n $2 rdamedia.
338    $a volume $b nc $2 rdacarrier.
500    $a "Published under the direction of the California Office of Administrative Law."
500    $a Rev. ed. of: California code of regulations published by the California Office of Administrative Law.
500    $a Includes separate bulletin: Digest of new regulations and volumes: Master table of contents and Master index.
530    $a Available also via the World Wide Web.
538    $a Mode of access: Internet via World Wide Web.
538    $a System requirements: World Wide Web browser software.
590    $a Charney scanned.
650  0 $a Delegated legislation $z California.
710 1  $a California. $b Office of Administrative Law.
730 0  $a California code of regulations.
730 0  $a Barclays official California code of regulations. $p Digest of new regulations.
856 41 $u http://ccr.oal.ca.gov/ $z Connect to the California Code of Regulations
907    $a .b13590509 $b 230727 $c 920413
998    $a heafe $a hchar $a hwww $b 111031 $c m $d a   $e n $f eng $g cau $h 0
918    $a .bckstg $b 2014-10-14

