01446cas a2200373 a 4500
001 91-S210
005 20141115222833.0
008 910508c19759999cauqr p       0   a0eng d
037    $b 1414 K Street, Suite 300, Sacramento 95814
040    $a CU-AL $c CU-AL $d UPB-l $d CLSL $d CLL $d CStclU-L $d UtOrBLW
043    $a n-us-ca
090    $a KFC1158.A15 $b P76
245 00 $a Prosecutor's brief.
264  1 $a Sacramento, CA : $b California District Attorneys Association.
300    $a v. : $b ill. ; $c 28 cm.
310    $a Quarterly, $b winter 1983-
321    $a Monthly, $b 1975-August 1977.
321    $a Bimonthly, $b Sept./Nov. 1977-April/May 1983.
336    $a text $b txt $2 rdacontent.
337    $a unmediated $b n $2 rdamedia.
338    $a volume $b nc $2 rdacarrier.
362 1  $a Began with: Vol. 1, no. 1 (1975)
500    $a "Newsjournal of the California District Attorneys Association" (varies)
500    $a Description based on: Vol. 7, no. 3 (fall 1984); title from cover.
590    $a Charney scanned.
590    $a Loyola scanned.
610 20 $a California District Attorneys Association $v Periodicals.
650  0 $a Public prosecutors $z California $v Periodicals.
690  0 $a Law $v Periodicals.
710 2  $a California District Attorneys Association.
850    $f 0 $g 4 $j v.7-12,13:3-14:1,16- $k 1984-1989,1990-1991,1993-
907    $a .b13622158 $b 190820 $c 920413
998    $a heafe $a hchar $b 920413 $c s $d 1   $e n $f eng $g cau $h 0
918    $a .bckstg $b 2014-10-14

