02493cas a2200589 a 4500
001 6631419
003 OCoLC
005 20141115223026.0
008 800818d19801997gw mx p       0   b0eng d
010    $a sn 82020019
022 0  $a 0722-3277
030    $a ZPCMDN
035    $a 2225763 $b MULS
040    $a IRU $c IRU $d IUL $d OCL $d IUL $d NST $d MUL $d NST $d OCL $d NSD $d SER $d NST $d AIP $d NST $d HUL $d NST $d HUL $d DLC $d NST $d NYG $d CUS $d UMC $d HUL $d UtOrBLW
041 0  $a eng $a ger
042    $a lcd $a nsdp
049    $a STAM
090    $a QC176.A1 $b Z44
210 0  $a Z. Phys., B, Condens. matter.
222  0 $a Zeitschrift für Physik. B, Condensed matter.
245 00 $a Zeitschrift für Physik. $n B, $p Condensed matter.
246 10 $a Condensed matter.
264  1 $a Berlin ; $a New York : $b Springer, $c 1980-[1997]
300    $a v. : $b ill. ; $c 28 cm.
310    $a 12 issues a year, $b -1997.
321    $a Irregular, $b 1980-
336    $a text $b txt $2 rdacontent.
337    $a unmediated $b n $2 rdamedia.
338    $a volume $b nc $2 rdacarrier.
362 0  $a Vol. 38, no. 1 (May 1980)-v. 104, no. 4.
510 1  $a Computer & control abstracts $x 0036-8113 $b 1981-
510 1  $a Electrical & electronics abstracts $x 0036-8105 $b 1981-
510 1  $a Physics abstracts. Science abstracts. Series A $x 0036-8091 $b 1981-
510 2  $a Chemical abstracts $x 0009-2258.
510 2  $a Metals abstracts $x 0026-0924.
510 2  $a World aluminum abstracts $x 0002-6697.
510 2  $a Energy research abstracts $b 1980- $x 0160-3604.
515    $a Three v. a year; 4 issues each v.,    -1997.
530    $a Available also on the Internet; restricted to institutions with a site/user ID and password.
546    $a English and German.
550    $a "Unter Mitwirkung der Deutschen Physikalischen Gesellschaft."
550    $a Recognized by the European Physical Society,    -v. 104, no. 4.
580    $a Merged with: Journal de physique. I, to form: European physical journal. B.
650  0 $a Condensed matter $v Periodicals.
710 2  $a Deutsche Physikalische Gesellschaft (1963- )
710 2  $a European Physical Society.
780 00 $t Zeitschrift für Physik. B: Condensed matter and quanta $x 0340-224X $w (DLC)   75645501 $w (OCoLC)2242472.
785 17 $t Journal de physique. I $w (OCoLC)22936696 $w (DLC)   91641443 $x 1155-4304.
785 17 $t European physical journal. B $w (OCoLC)38499969 $w (DLC)sn 98050182.
907    $a .b13642029 $b 220802 $c 920427
998    $a upr $b 980320 $c s $d 1   $e n $f eng $g gw  $h 0
918    $a .bckstg $b 2014-10-14

