00219nam a2200073 a 4500
008                                         
245  0 $a WHITE ROOM CONFERENCE KEY.
907    $a .b13676829 $b 230919 $c 920501
998    $a heafe $b        $c - $d -   $e y $f eng $g xx  $h 0

