00290nam a2200097 a 4500
008                                         
099    $a BR60.A35
245  0 $a Ancient Christian writers.
260 1  $a New York, N.Y. : Paulist Press.
907    $a .b13731671 $b 230926 $c 920625
998    $a umn $b        $c m $d a   $e y $f eng $g xx  $h 0

