00299nam a2200109 a 4500
008                                         
020    $a 0002-1466
086    $a A 93.9/10:
099    $a A 93.9/10:
245  0 $a Agricultural finance review.
907    $a .b13789089 $b 230928 $c 921014
998    $a ugd $b        $c s $d a   $e n $f eng $g xx  $h 0

