03221cas a2200649 a 4500
001 5696010
003 OCoLC
005 20141115224351.0
008 791114c18979999mauqr p   o   0   a0eng d
010    $a 12030242
022 0  $a 0002-9114
032    $a 019520 $b USPS
035    $a 510-D-137 $b NYG
037    $b Archaeological Institute of America, 675 Commonwealth Ave., Boston, MA 02215
040    $a NYG $c NYG $d PIT $d FUG $d DLC $d NSD $d DLC $d AIP $d NSD $d AIP $d HUL $d NST $d OCL $d NST $d HUL $d EBZ $d NST $d DLC $d UtOrBLW
042    $a lc $a nsdp
049    $a STAP
050 00 $a CC1 $b .A6
210 0  $a Am. j. archaeol.
222  0 $a American journal of archaeology.
245 00 $a American journal of archaeology : $b the journal of the Archaeological Institute of America.
246 10 $a American journal of archaeology.
264  1 $a New York : $b Macmillan Co., $c 1897-
300    $a v. : $b ill., plates, ports., maps, plans ; $c 24-27 cm.
310    $a Quarterly, $b 1900-
321    $a Bimonthly, $b 1897-1899.
336    $a text $b txt $2 rdacontent.
337    $a unmediated $b n $2 rdamedia.
338    $a volume $b nc $2 rdacarrier.
362 0  $a 2nd ser., v. 1, no. 1-
500    $a Imprint varies: Boston, MA : Archaeological Institute of America, <July 1984->
510 1  $a Art index $x 0004-3222.
510 1  $a Humanities index $x 0095-5981.
510 2  $a Avery index to architectural periodicals. Second edition. Revised and enlarged. Supplement $x 0196-0008.
510 2  $a New Testament abstracts $x 0028-6877.
510 2  $a Old Testament abstracts $x 0364-8591.
510 2  $a Recently published articles $x 0145-5311.
510 0  $a ABS international guide to classical studies.
510 0  $a Book review index $x 0524-0581.
510 0  $a BRISSP.
510 0  $a Current contents.
510 0  $a Social sciences & humanities index $x 0037-7899.
555    $a 2nd ser. v. 1 (1897)-v. 10 (1906)  1 v.; Vol. 11 (1907)-v. 70 (1966)  1 v.
580    $a Vols. 1-3, 2nd ser. include reports of the institute, of the managing committees, of the schools of classical studies at Athens and Rome and separately paged bulletins containing matter supplementary to that of the reports.  With v. 4-12 are annual supplements containing annual reports of the Archaeological Institute of America and the American schools in Athens, Rome, and Palestine, 1899/1900-1907/08. This supplement was superseded in 1909 by the Bulletin of the Archaeological Institute of America.
650  0 $a Archaeology $v Periodicals.
650  0 $a Art $v Periodicals.
710 2  $a Archaeological Institute of America.
710 2  $a American School of Classical Studies at Athens.
710 2  $a American School of Classical Studies in Rome.
710 2  $a American School for Oriental Study and Research in Palestine.
776 1  $t American journal of archaeology $w (OCoLC)7201979.
780 00 $t American journal of archaeology and of the history of the fine arts $w (DLC)sn 91013183 $w (OCoLC)7549196.
785 01 $a Archaeological Institute of America. $t Bulletin of the Archaeological Institute of America $w (DLC)   10003923.
907    $a .b13792131 $b 230829 $c 921020
998    $a upr $b 991208 $c s $d 1   $e z $f eng $g mau $h 0
918    $a .bckstg $b 2014-10-14
936    $a July 1984

