00293nam a2200097 a 4500
008                                         
099    $a PA25.Y3
245  0 $a Yale classical studies.
260 1  $a New York : Cambridge University Press.
907    $a .b13805010 $b 230926 $c 921113
998    $a umn $b        $c m $d a   $e z $f eng $g xx  $h 0

