01812cas a2200457   4500
001 3015235
003 OCoLC
005 20141115224847.0
008 770604c19549999nbuar         1   a0eng d
010    $a 53011655  $z sn 79008428
022    $a 0146-7875
030    $a NSMPB3
035    $a 0521590 $b MULS
040    $a NSD $c NSD $d DLC $d NSD $d HUL $d DLC $d IXA $d RCS $d OCL $d AIP $d NSD $d AIP $d IUL $d DLC $d HUL $d NST $d HUL $d UtOrBLW
042    $a lc $a nsdp
049    $a STAM
050 00 $a BF683 $b .N4
111 2  $a Nebraska Symposium on Motivation.
210 0  $a Neb. Symp. Motiv.
222  0 $a Nebraska Symposium on Motivation.
245 10 $a Nebraska Symposium on Motivation.
246 13 $a Current theory and research in motivation.
264  1 $a [Lincoln, Neb.] : $b University of Nebraska Press.
300    $a v. : $b ill. ; $c 23 cm.
310    $a Annual.
336    $a text $b txt $2 rdacontent.
337    $a unmediated $b n $2 rdamedia.
338    $a volume $b nc $2 rdacarrier.
362 0  $a v. 2-   1954-
510 2  $a Index medicus $x 0019-3879.
510 2  $a Psychological abstracts $x 0033-2887 $b 1964-
510 2  $a Biological abstracts $x 0006-3169.
550    $a Symposia for 1954-   sponsored by the Dept. of Psychology of the University of Nebraska.
555    $a Vols. 1-6, 1953-1958. 1 v. (Includes earlier title: Current theory and research in motivation, a symposium).
650  0 $a Motivation (Psychology) $v Congresses.
710 2  $a University of Nebraska (Lincoln campus). $b Department of Psychology.
780 00 $a Current Theory and Research in Motivation (Symposium). $t Current theory and research in motivation, a symposium $x 0070-2099 $w (DLC)sf 82004059 $w (OCoLC)2260043.
907    $a .b13849025 $b 230905 $c 930129
998    $a umn $b 930129 $c s $d a   $e - $f eng $g nbu $h 0
918    $a .bckstg $b 2014-10-14
936    $a 1975 $a 1954

