01353cas a2200385I  4500
001 1759391
003 OCoLC
005 20141115225326.0
008 751101c19699999vaumr p       0   a0eng d
010    $a sn 80008852
022 1  $a 0197-7032
037    $b National Right to Work Committee, 8001 Braddock Rd., Springfield, Va. 22160
037    $c $2.00 (non-members) $c free (members)
040    $a MUL $c MUL $d NSD $d COO $d NSD $d NST $d OCL $d UtOrBLW
042    $a nsdp
049    $a STAP
090    $a HD4903.5.U58 $b N272
222  0 $a National right to work newsletter $b (1969)
245 00 $a National right to work newsletter.
264  1 $a Springfield, Va. [etc.] : $b National Right to Work Committee.
300    $a v. : $b ill. ; $c 28 cm.
310    $a Monthly.
336    $a text $b txt $2 rdacontent.
337    $a unmediated $b n $2 rdamedia.
338    $a volume $b nc $2 rdacarrier.
362 0  $a v. 15, no. 6-   June 1969-
650  0 $a Right to labor $v Periodicals.
650  0 $a Labor unions $z United States $v Periodicals.
650  0 $a Open and closed shop $z United States $v Periodicals.
710 2  $a National Right to Work Committee (U.S.)
780 00 $t Right to work national newsletter $w (OCoLC)2267210.
907    $a .b13898449 $b 230828 $c 930325
998    $a upr $b 970225 $c s $d 1   $e n $f eng $g vau $h 0
918    $a .bckstg $b 2014-10-14
936    $a Unknown $a Apr. 30, 1980

