03643cas a2200745Ia 4500
001 3805985
003 OCoLC
005 20150518110801.0
007 hd afb---buuu
008 780417c17889999ctudr nea     0   a0eng d
022    $a 0140-0460 $l 0140-0460
035    $a (OCoLC)3805985 $z (OCoLC)20873043
037    $b Customer Order Dept., Research Publications, 12 Lunar Dr., Woodbridge, CT 06525
040    $a YNG $b eng $c YNG $d IUL $d OCL $d OCLCQ $d OCLCG $d TEX $d DLM $d MBB $d INU $d OCLCA $d OCLCQ $d OCLCF $d CNEDM $d OCLCO
043    $a e-uk-en
049    $a STAM
050  4 $a AP4 $b .D35
082  4 $a 072 TIM
130 0  $a Times (London, England)
245 14 $a The times $h [microform].
246 13 $a London times.
246 13 $a Times of London.
260    $a [London] : $b [Times Newspapers Ltd.], $c 1788-
300    $a no. : $b illustrations ; $c 60 cm.
310    $a Daily (except Sundays)
336    $a text $b txt $2 rdacontent.
337    $a microform $b h $2 rdamedia.
338    $a microfilm reel $b hd $2 rdacarrier.
362 0  $a No. 1023 (Mar. 18, 1788)-
500    $a Editors: 1788-89, J. Walter; 1789-95, W. Finey; 1795-1802, W. Walter; 1803-08, J. Walter II; 1808-09, H.C. Robinson; 1809-13, J. Walter II; 1813-16, J. Stoddart; 1817-41, T. Barnes; 1841-77, J.T. Delane; 1877-84, T. Chenery; 1884-1912, G.E. Buckle; 1912-19, G. Dawson; 1919-22, H.W. Steed; 1923-41, G. Dawson; 1941-48, R.M. Barrington-Ward; 1948-52, W.F. Casey; 1952-66, W. Haley; 1967- W. Rees-Mogg. Cf. Hudson, D. Thomas Barnes of the Times, 1973. p. [189]; Dict. nat. biog.; Who's who; Who was who.
515    $a Suspended publication, Dec. 1, 1978-Nov. 12, 1979.
530    $a Also issued on newsprint from Times Newspapers Ltd., London.
533    $a Microfilm. $b New Haven, Conn. : $c Research Publications, $d 1977- $e microfilm reels ; 35 mm.
651  0 $a London (England) $v Newspapers.
651  7 $a England $z London. $2 fast $0 (OCoLC)fst01204271.
655  7 $a Newspapers. $2 fast $0 (OCoLC)fst01423814.
700 1  $a Walter, John, $d 1739-1812.
700 1  $a Finey, William, $d -approximately 1797.
700 1  $a Walter, William, $d 1763-
700 1  $a Walter, John, $d 1776-1847.
700 1  $a Robinson, Henry Crabb, $d 1775-1867.
700 1  $a Stoddart, John, $d 1773-1856.
700 1  $a Barnes, Thomas, $d 1785-1841.
700 1  $a Delane, John Thaddeus, $d 1817-1879.
700 1  $a Chenery, Thomas, $d 1826-1884.
700 1  $a Buckle, George Earle, $d 1854-1935.
700 1  $a Dawson, Geoffrey, $d 1874-1944.
700 1  $a Barrington-Ward, Robert M'Gowan, $d 1891-1948.
700 1  $a Casey, W. F. $q (William Francis), $d 1884-1957.
700 1  $a Haley, William, $c Sir, $d 1901-
700 1  $a Rees-Mogg, William, $d 1928-2012.
752    $a United Kingdom $d London.
770 0  $t Times educational supplement $g 1910- $x 0040-7887 $w (DLC)sf 87091859 $w (OCoLC)3851155.
770 0  $t Times educational supplement Scotland $g 1965- $x 0143-8492 $w (OCoLC)3780033.
770 0  $t Times higher education supplement $g 1971- $x 0049-3929 $w (DLC)sf 87091858 $w (OCoLC)4396681.
770 0  $t Times literary supplement $g 1902-1968 $x 0040-7895 $w (OCoLC)4166594.
770 0  $t TLS, the Times literary supplement $g 1969- $x 0307-661X $w (DLC)sf 87091855 $w (OCoLC)4239277.
775 0  $t Times (London, England : Late London ed.)
776 1  $c Original $x 0140-0460 $w (DLC)sn 85054080 $w (OCoLC)6967919.
780 00 $t Times, or, Daily universal register $w (OCoLC)22521948.
787 1  $t Sunday times (London, England : 1822) $g 1822-1904 $w (DLC)sn 90039981 $w (OCoLC)15601767.
907    $a .b13907098 $b 220802 $c 930401
998    $a umi $b 150518 $c s $d 1   $e n $f eng $g ctu $h 4
919    $a .b $b 2015-02-17
918    $a .bckstg $b 2014-10-14

