02711cas a2200685 a 4500
001 1715701
003 OCoLC
005 20141115225604.0
008 751019c19689999okumr p       0   a0eng d
010    $a 85643567  $z sc 76000108
022 0  $a 0038-111X
030    $a SSTEAP
032    $a 081310 $b USPS
035    $a 068867A $b MULS $a Ulp   No.  7560900003 $a PITT NO.  7553100005
037    $b Solid State Technology, Circulation Dept., 1421 S. Sheridan Rd., Tulsa, OK 74112
037    $c $60.00
040    $a MUL $c MUL $d NSD $d COO $d NSD $d DLC $d NSD $d DLC $d NSD $d SER $d AIP $d IUL $d DLC $d NSD $d NST $d DLC $d IUL $d NST $d UtOrBLW
042    $a nsdp $a lc
049    $a STAp
050 00 $a TK7872.S4 $b S44
210 0  $a Solid state technol.
222  0 $a Solid state technology.
245 00 $a Solid state technology.
264  1 $a [Port Washington, N.Y.] : $b [Cowan Pub. Corp.], $c [1968-]
264  4 $c [©1968-]
300    $a v. : $b ill. ; $c 29 cm.
310    $a Monthly.
336    $a text $b txt $2 rdacontent.
337    $a unmediated $b n $2 rdamedia.
338    $a volume $b nc $2 rdacarrier.
362 0  $a [Vol. 11, no. 1] (Jan. 1968)-
500    $a Title from cover.
500    $a Imprint varies: Tulsa, OK : PennWell Publ. Co., <1992->
510 1  $a Applied science & technology index $x 0003-6986.
510 2  $a Chemical abstracts $x 0009-2258.
510 2  $a Computer & control abstracts $x 0036-8113 $b 1968-
510 2  $a Electrical & electronics abstracts $x 0036-8105 $b 1968-
510 2  $a Engineering index annual (1968) $x 0360-8557.
510 2  $a Engineering index bioengineering abstracts $x 0736-6213.
510 2  $a Engineering index energy abstracts $x 0093-8408.
510 2  $a Engineering index monthly (1984) $x 0742-1974.
510 2  $a International aerospace abstracts $x 0020-5842 $b 1984-
510 2  $a Metals abstracts $x 0026-0924.
510 2  $a Physics abstracts. Science abstracts. Series A $x 0036-8091 $b 1968-
510 2  $a Predicasts.
510 2  $a Reference sources $x 0163-3546.
510 2  $a World aluminum abstracts $x 0002-6697.
510 0  $a Engineering index monthly $x 0013-7960.
510 0  $a Nuclear science abstracts $x 0029-5612.
580    $a Has various supplements.
650  0 $a Solid state electronics $v Periodicals.
650  0 $a Semiconductors $v Periodicals.
650  0 $a Solids $v Periodicals.
770 0  $t Solid state technology ... buying guide $w (OCoLC)25937210 $w (DLC)   92641682.
780 00 $t Semiconductor products and solid state technology $x 0096-3631 $w (DLC)   85643566 $w (OCoLC)1873725.
890    $a Solid state technology.
907    $a .b13931015 $b 220802 $c 930428
998    $a upr $b 940114 $c s $d 1   $e n $f eng $g oku $h 0
918    $a .bckstg $b 2014-10-14
936    $a Unknown $a Aug. 1985

