01539cam a2200361Ia 4500
001 27369584
003 OCoLC
005 20141115225717.0
008 930204s1993    dcua         f000 0 eng d
040    $a NSF $c NSF $d GPO $d AGL $d GPO $d UtOrBLW
043    $a n-us---
049    $a STAD
074    $a 0856-F
086 0  $a PREX 8.102:P 27
099    $a PREX 8.102: $a P 27
110 2  $a Federal Coordinating Council for Science, Engineering, and Technology.
245 10 $a Pathways to excellence : $b a federal strategy for science, mathematics, engineering, and technology education.
264  1 $a Washington, D.C. : $b Federal Coordinating Council for Science, Engineering, and Technology, Committee on Education and Human Resources, $c [1993]
300    $a [8], 38 p. : $b col. ill. ; $c 26 cm.
336    $a text $b txt $2 rdacontent.
337    $a unmediated $b n $2 rdamedia.
338    $a volume $b nc $2 rdacarrier.
500    $a "U.S. science, mathematics, engineering, and technology education strategic plan, FY 1994 - FY 1998."
500    $a Shipping list no.: 93-0164-P.
500    $a "January 6, 1993"--P. [1], 1st group.
650  0 $a Science $x Study and teaching $z United States.
650  0 $a Mathematics $x Study and teaching $z United States.
650  0 $a Engineering $x Study and teaching $z United States.
650  0 $a Technology $x Study and teaching $z United States.
710 2  $a FCCSET Committee on Education and Human Resources.
907    $a .b1394602x $b 180827 $c 930520
998    $a umn $b 930520 $c m $d a   $e - $f eng $g dcu $h 0
918    $a .bckstg $b 2014-10-14

