01557cam a2200457Ia 4500
001 31218315
003 OCoLC
005 20141116000931.0
008 941004s1994    dcuab    b   f001 0 eng d
020    $a 0160451604 :
037    $a 052-003-01384-3 $b GPO
040    $a GPO $c GPO $d GAO $d UtOrBLW
043    $a e-ur--- $a e-ur-ru
049    $a STAD
050 00 $a U264  $b  .P76 1994
074    $a 1070-M
086 0  $a Y 3.T 22/2:2 P 94/2
088    $a OTA-ISS-605
088    $a OTA-ISC-605
090    $a JX1974.73 $b .P75
099    $a Y 3.T 22/2:2 P 94/2
110 1  $a United States. $b Congress. $b Office of Technology Assessment.
245 10 $a Proliferation and the Former Soviet Union.
264  1 $a Washington, DC : $b Office of Technology Assessment, Congress of the U.S., $c [1994]
264  2 $b For sale by the U.S. G.P.O., Supt. of Docs.
300    $a x, 92 p. : $b ill., maps ; $c 28 cm.
336    $a text $b txt $2 rdacontent.
337    $a unmediated $b n $2 rdamedia.
338    $a volume $b nc $2 rdacarrier.
500    $a Shipping list no.: 94-0302-P.
500    $a "September 1994"--T.p. verso.
500    $a "OTA-ISS-605"--T.p. verso.
500    $a "OTA-ISC-605"--P. [4] of cover.
504    $a Includes bibliographical references and index.
650  0 $a Nuclear nonproliferation.
651  0 $a Former Soviet republics.
650  0 $a Nuclear arms control $x Verification $z Russia (Federation)
650  0 $a Security, International.
907    $a .b14951459 $b 181126 $c 941123
998    $a ugd $b 941123 $c m $d a   $e - $f eng $g dcu $h 0
918    $a .bckstg $b 2014-10-14

