00293nam a2200109 a 4500
008                                         
020    $a 1041-679X
086    $a D 1.105:
099    $a D 1.105:
245  0 $a Applied language learning.
907    $a .b15219367 $b 230928 $c 950802
998    $a ugd $b        $c s $d a   $e n $f eng $g xx  $h 0

