01668cas a2200457 a 4500
001 18830227
003 OCoLC
005 20141116003646.0
008 881202d19881994dcumr p       0   a0eng d
010    $a sn 88003415
022 0  $a 1041-7117
032    $a 472660 $b USPS
037    $b RTNDA, Suite 615, 1717 K St., NW, Washington, DC 20006
037    $c $30.00 (nonmembers)
040    $a NSD $c NSD $d WAU $d CRL $d NST $d FUG $d UtOrBLW
042    $a nsdp $a lcd
049    $a STAP
090    $a PN4841 $b .R3
130 0  $a Communicator (Washington, D.C. : 1988)
210 0  $a Communicator $b (Wash. D. C. 1988)
222  0 $a Communicator $b (Washington, D.C. 1988)
245 10 $a Communicator : $b the magazine of the Radio-Television News Directors Association.
246 17 $a Communicator.
246 17 $a RTNDA communicator $f Aug. 1988.
264  1 $a [Washington, D.C.] : $b The Association, $c [1988-]
264  4 $c [©1988-]
300    $a v. : $b ill. ; $c 28 cm.
310    $a Monthly.
336    $a text $b txt $2 rdacontent.
337    $a unmediated $b n $2 rdamedia.
338    $a volume $b nc $2 rdacarrier.
362 0  $a [Vol. 42, no. 8] (Aug. 1988)-v.48, no. 5 (May 1994)
500    $a Title from cover.
650  0 $a Broadcast journalism $v Periodicals.
710 2  $a Radio-Television News Directors Association.
780 00 $a Radio-Television News Directors Association. $t RTNDA communicator $x 0033-7153 $w (DLC)sn 85004707 $w (OCoLC)4723475.
785 00 $t RTNDA communicator (Washington, D.C. : 1994) $w (OCoLC)34885220.
907    $a .b15236055 $b 231031 $c 950823
998    $a upr $b 950823 $c s $d 1   $e n $f eng $g dcu $h 0
918    $a .bckstg $b 2014-10-14
936    $a Vol. 44, no. 1 (Jan. 1990) LIC

