01804cas a2200493 a 4500
001 21069441
003 OCoLC
005 20141116004354.0
008 900215c19899999dcuqr p      f0   a0eng c
010    $a 90655065
022 0  $a 1546-5330
035    $a (OCoLC)21069441 $z (OCoLC)21101857
037    $a 708-108-00000-6 $b Subscription available from: Supt. of Docs., P.O. Box 979050, St. Louis MO 63197-9000
040    $a AFQ $c AFQ $d DLC $d OCL $d GPO $d IUL $d OCL $d GPO $d NSD $d OCLCQ $d GPO $d NSD $d CLU $d GPO $d OCLCQ $d ORZ $d GPO $d UtOrBLW
042    $a pcc $a nsdp
043    $a n-us---
049    $a STAD
050 00 $a UA25 $b .A79
074    $a 0345-B
086 0  $a D 114.20:
099    $a D 114.20:
222  0 $a Army history.
245 00 $a Army history : $b the professional bulletin of Army history.
264  1 $a Washington, D.C. : $b U.S. Army Center of Military History, $c 1989-
300    $a v. : $b ill. ; $c 28 cm.
310    $a Quarterly.
336    $a text $b txt $2 rdacontent.
337    $a unmediated $b n $2 rdamedia.
338    $a volume $b nc $2 rdacarrier.
362 0  $a No. 13 (fall 1989)-
490 1  $a PB / US Army.
500    $a Distributed to depository libraries in microfiche.
500    $a Latest issue consulted: No. 57 (winter 2003).
610 10 $a United States. $b Army $x History $v Periodicals.
610 10 $a United States. $b Army $v Periodicals.
650  0 $a Military history $v Periodicals.
651  0 $a United States $x History, Military $v Periodicals.
710 2  $a Center of Military History.
780 00 $t Army historian $x 0748-2299 $w (DLC)   85650587 $w (OCoLC)10179821.
830  0 $a PB (United States. Army)
856 40 $u http://purl.access.gpo.gov/GPO/LPS121094
907    $a .b15319283 $b 231026 $c 951128
998    $a ugd $a umi $a upr $a uww $b 110928 $c s $d 1   $e n $f eng $g dcu $h 0
918    $a .bckstg $b 2014-10-14

