07481cpc a22004693a 4500
001 906624953
003 OCoLC
005 20150915020429.0
008 150406i19502010cau     o           eng d
035    $a (OCoLC)906624953
040    $a STA $b eng $c STA $d STA
049    $a STAM
099    $a MSS.1974.11.01
100 1  $a Villarreal, José Antonio.
245 10 $a José Antonio Villarreal Papers, $f 1950-2010 $g (bulk 1959-1984)
300    $a 10.1 $f linear feet (22 $f boxes)
351    $a The collection is arranged into five series: Series I. Correspondence, 1953-1991, and undated; Series II. Writings by Villarreal, 1959-1992, and undated; Series III. Printed Materials, 1959-1995; Series IV. Personalia, 1950-2010; and Series V. Audiovisual Materials, 1975, and undated.
520 2  $a The José Antonio Villarreal Papers, 1950-2010 (bulk 1959-1984), document the personal and professional life of José Antonio Villarreal. Villarreal became well known for his book Pocho, which was first published in 1959 and is considered a landmark in Chicano literature. Included in the collection are manuscripts and proofs of Pocho, The Fifth Horseman, and Clemente Chacon; an early manuscript and precursor to the book Pocho, entitled Our Little Life; shorter works by Villarreal; personal and professional correspondence with literary agents, publishers, academic institutions, friends and family members; writings about Villarreal, his publications, and Chicano literature; publicity materials; and personalia.
524    $a The José Antonio Villarreal Papers, MSS.1974.11.01, Santa Clara University Library Archives & Special Collections.
540    $a Materials in Archives & Special Collections may be subject to copyright. All requests for permission to publish from manuscripts must be submitted in writing to the University Archivist. Permission for publication is given on behalf of Archives & Special Collections as the owner of the physical materials, and is not intended to include or imply permission of the copyright holder, which must also be obtained. Copyright restrictions also apply to digital reproductions of the original materials.
545 1  $a José Antonio Villarreal (1924-2010) was born in Los Angeles on July 30, 1924 to José Heladio (a Mexican revolutionary) and Felícitaz Ramírez Villarreal. In 1921, Villarreal's parents moved to the United States from Mexico and found work as migrant farm laborers in California. At age six, Villarreal's family settled in Santa Clara, and he spent the remainder of his childhood there. After graduating high school in 1942, Villarreal served three years in the Navy during World War II. In 1950, he earned a Bachelor of Arts degree in English from the University of California, Berkeley. Villarreal married Barbara Gentles in 1953, and they had three children: Ian, Kelly, and Caleb. To support his family while pursuing a writing career, Villarreal held numerous positions ranging from public relations to bus driver to speech writer. After the second edition of Pocho was published in 1970, Villarreal began to receive guest lectureships and teaching positions at various universities, including the Pan American University, the University of Colorado, the University of Texas at El Paso, the University of Santa Clara, and the Universidad Nacional Autonoma de Mexico.
545 1  $a Villarreal is best known for his debut novel, Pocho, considered a landmark in Chicano literature. First published by Doubleday in 1959, Pocho tells the story of a second-generation Mexican-American growing up between cultures in California, and is the first novel written by a Chicano to be released by a major publisher in the United States. At the time, the book received little attention and quickly went out of print. However, in 1970, at the height of the Chicano Movement, Anchor published a paperback edition of Pocho, bringing Villarreal both recognition in academic circles and criticism from some members of the burgeoning Chicano Movement. Often considered to be one of the founding fathers of Chicano Literature in the United States, Villarreal did not consider himself a Chicano writer but an American writer whose work fell into a sub-genre of American literature. His second novel, The Fifth Horseman, a historical novel about the events leading up to the Mexican Revolution of 1910, was published by Doubleday in 1974. Pocho and The Fifth Horseman were meant to be part of a tetralogy following three generations of a Mexican-American family, but the series was never completed. Villarreal's third novel, Clemente Chacón, departed from the tetralogy and was published by Bilingual Press in 1984. Villarreal also wrote several articles and short stories, many appearing in anthologies, magazines, and newspapers.
545 1  $a In 1973, Villarreal returned to Mexico, becoming a Mexican citizen, though he would eventually return to the United States. Over the next several years, Villarreal worked as a broadcaster, a freelance writer, and an instructor at several colleges and universities in Mexico and the United States. Villarreal passed away in northern California on January 13, 2010.
545 1  $a Santa Clara University was founded in 1851 by the Society of Jesus as Santa Clara College and is California's oldest operating institution of higher learning. It was established on the grounds of Mission Santa Clara de Asís, the eighth of the original 21 California missions. The college originally operated as a preparatory school and did not offer courses of collegiate rank until 1853. The institution became known as the University of Santa Clara in 1912, when the schools of engineering and law were added. For 110 years, Santa Clara University was an all-male school. In 1961, women were accepted as undergraduates and Santa Clara University became the first coeducational Catholic university in California. The number of students and faculty tripled over the next decade and the university began the largest building program in school history with eight residence halls, a student union, and an athletic stadium. In the early 1970s, the Board of Trustees voted to limit the size of the undergraduate population, an action that was intended to preserve the character and ensure the quality of the university for generations to come. In 1985, the university adopted Santa Clara University as its official name.
555 0  $a Finding aid available in Santa Clara University Archives & Special Collections, and from the Online Archive of California. $u http://www.oac.cdlib.org/
600 10 $a Villarreal, José Antonio.
610 20 $a Santa Clara College (Calif.)
610 20 $a Santa Clara University (Calif.)
610 20 $a University of Santa Clara (Calif.)
650  0 $a American literature $y 20th century.
650  0 $a American literature $x Mexican American authors.
650  0 $a Chicano movement.
650  0 $a Mexican Americans $z California $x History.
650  0 $a Novelists, American $y 20th century $x Archival resources.
710 2  $a Santa Clara University (Calif.). $b University Library. $b Archives & Special Collections.
856 42 $3 Link to online finding aid: $u http://www.oac.cdlib.org/findaid/ark:/13030/c8h41vr4/
856 42 $3 Link to digitized items: $u https://content.scu.edu/digital/collection/villarreal
907    $a .b15441179 $b 220802 $c 960423
998    $a usc $b 150915 $c c $d p   $e n $f eng $g cau $h 0
919    $a .b $b 2015-07-13
918    $a .bckstg $b 2014-10-14
921    $a Santa Clara

