02656cas a2200625   4500
001 1762267
003 OCoLC
005 20141116005412.0
008 751101c19229999iauqr p       0   a0eng  
010    $a 27013435
022    $a 0031-7977
032    $a 430420 $b USPS
035    $a 0589994 $b MULS $a Ulp   No.  6327600000 $a PITT NO.  6355200002
037    $b Publications Order Dept., University of Iowa, Oakdale Campus, Iowa City, Iowa 52242
037    $c $10.00 (individual) $c $15.00 (institution)
040    $a DLC $c MUL $d OCL $d YUS $d DLC $d NSD $d OCL $d AIP $d NSD $d AIP $d DLC $d NST $d OCL $d NST $d UtOrBLW
042    $a lc $a nsdp
049    $a STAP
050 00 $a P1 $b .P55
210 0  $a Philol. q.
222  0 $a Philological quarterly.
245 00 $a Philological quarterly.
246 14 $a PQ $f <, summer 1975-winter & spring 2009>
264  1 $a [Iowa City] : $b University of Iowa.
300    $a v. : $b plates. ; $c 24 cm.
310    $a Quarterly.
336    $a text $b txt $2 rdacontent.
337    $a unmediated $b n $2 rdamedia.
338    $a volume $b nc $2 rdacarrier.
362 0  $a v. 1-   Jan. 1922-
500    $a Apr. issues of 1949-1960 and Oct. issues of 1961-1963 include: Romantic movement.
510 1  $a Humanities index $x 0095-5981.
510 2  $a Abstracts of English studies $x 0001-3560.
510 2  $a Annual bibliography of English language and literature $x 0066-3786.
510 2  $a Book review index $x 0524-0581.
510 2  $a Index to book reviews in the humanities $x 0073-5892.
510 2  $a LLBA, language and language behavior abstracts $x 0023-8295.
510 2  $a MLA international bibliography of books and articles on the modern languages and literatures (Complete edition) $x 0024-8215.
510 2  $a Recently published articles $x 0145-5311.
510 2  $a Sociological abstracts $x 0038-0202.
510 0  $a Social sciences & humanities index $x 0037-7899.
555    $a Vols. 1-25, 1922-46. 1 v.
580    $a Vols. for 1926-July 1970 include:  English literature, 1660-1800; Oct. 1970-1974 include:  Eighteenth century, ISSN 0161-0996, issued separately 1975-
590    $a Orradre Library has Johnson reprint edition, v. 1 (1922)-v. 10 (1931).
650  0 $a Philology $v Periodicals.
710 2  $a University of Iowa.
730 0  $a Romantic movement.
730 02 $a English literature, 1660-1800.
730 02 $a Eighteenth century.
777 1  $t English literature, 1660-1800 $w (OCoLC)5725299 $g 1926-July 1970.
777 1  $t Eighteenth century $x 0161-0996 $g Oct. 1970-1974.
907    $a .b15454277 $b 230609 $c 960507
998    $a upr $b 960507 $c s $d 1   $e n $f eng $g iau $h 0
918    $a .bckstg $b 2014-10-14
936    $a summer 1975 $a 1922-48 $a summer 1976

