01222nam a2200361Ia 4500
001 35167160
003 OCoLC
005 20141116012033.0
008 960731s1996    dcu          f000 0 eng d
035    $a apn 96-029572 $b GPO
040    $a GPO $c GPO $d UtOrBLW
043    $a n-us---
049    $a STAD
074    $a 0766-C
086 0  $a PREX 1.10:P 91
099    $a PREX 1.10:P 91
245 00 $a Pre-employment inquiries.
246 2  $a Pre employment inquiries.
264  1 $a [Washington, DC] : $b [President's Committee on Employment of People with Disabilities], $c [1996]
300    $a [2] p. ; $c 28 cm.
336    $a text $b txt $2 rdacontent.
337    $a unmediated $b n $2 rdamedia.
338    $a volume $b nc $2 rdacarrier.
500    $a Caption title.
500    $a Shipping list no.: 96-0304-P.
500    $a "July 1996"--P. [2].
650  0 $a People with disabilities $x Employment $z United States.
650  0 $a Discrimination in employment $z United States.
650  0 $a Employment interviewing $z United States.
710 1  $a United States. $b President's Committee on Employment of People with Disabilities.
907    $a .b1572296x $b 210826 $c 960813
998    $a umn $b 960813 $c m $d a   $e z $f eng $g dcu $h 0
918    $a .bckstg $b 2014-10-14

