01917cgm a2200361Ia 4500
001 21468416
003 OCoLC
005 20141116012212.0
007 vd|cbahou
008 900502s1988    mnu020 e          vleng d
040    $a PQA $c PQA $d IBI $d UtOrBLW
043    $a n-us---
049    $a [Media]STAV
099    $a Video kept in Walsh 202
245 04 $a The Wrong idea $h [videorecording] / $c ... produced at the University of Minnesota by University Media Resources, Office of International Education, & Minnesota Women's Center ; producer/director, Janis Pettit.
264  1 $a Minneapolis, MN : $b The Office, $c [1988]
264  4 $c ©1988.
300    $a 1 videocassette (20 min.) : $b sd., col. ; $c 1/2 in. + $e 1 training manual (1 v. (looseleaf) ; 30 cm).
336    $a two-dimensional moving image $b tdi $2 rdacontent.
337    $a video $b v $2 rdamedia.
338    $a videodisc $b vd $2 rdacarrier.
500    $a At head of title on training manual: Sexual harassment; sub-title on manual: A cross-cultural training program about sexual harassment.
508    $a Photographer, Kevin Galligan ; videotape editors, Thomas Oswald, Tim Scully ; consultants, Kay A. Thomas ... [et. al.]
520    $a Designed to sensitize American and international students, faculty, and staff to the cultural and gender issues surrounding sexual harassment and inform them of their legal rights and responsibilities. Nine vignettes portray campus sexual harassment incidents in both academic and work settings.
538    $a VHS.
650  0 $a Sexual harassment in universities and colleges $z United States.
710 2  $a University of Minnesota. $b Office of International Education.
710 2  $a Minnesota Women's Center.
740 0  $a Sexual harassment.
740 0  $a Cross-cultural training program about sexual harassment.
907    $a .b15743226 $b 220811 $c 960912
998    $a uvd $b 960912 $c m $d g   $e z $f eng $g mnu $h 4
918    $a .bckstg $b 2014-10-14

