01482cam a2200373Ia 4500
001 31457332
003 OCoLC
005 20141116012418.0
008 941115t19951995cauabd        000 0 eng d
020    $a 0201490900
040    $a ICA $c ICA $d UtOrBLW
049    $a [Curr]STAJ
090    $f Folio $a GC1085 $b .W75 1995
100 1  $a Wright, Russell G.
245 10 $a Oil spill! : $b an event-based science module / $c Russell G. Wright.
250    $a Student edition.
264  1 $a Menlo Park, Calif. : $b Innovative Learning Publications, Addison-Wesley Pub. Co., $c [1995]
264  4 $c ©1995.
300    $a 2 v. : $b ill.,maps,charts ; $c 28 cm $g 2 videocassettes.
336    $a text $b txt $2 rdacontent.
337    $a unmediated $b n $2 rdamedia.
338    $a volume $b nc $2 rdacarrier.
490 1  $a Oceanography module.
500    $a Complete package includes teacher's guide, videotape, Scientists and the Alaska oil spill, and 2 videotapes by CNN, The big story: the black tide, Give me the tides, Give me the currents.
521 2  $a 5th-9th grades.
583 1  $a Committed to retain $c 20220701 $d 20320731 $f SCELC Shared Print $u https://scelc.org/libraries/shared-print $z retain for SCELC.
650  0 $a Oil spills.
740 0  $a Scientists and the Alaska oil spill.
740 4  $a The big story, the black tide.
740 4  $a The black tide.
830  0 $a Oceanography module.
907    $a .b15774156 $b 231026 $c 961010
998    $a ucr $b 970213 $c m $d a   $e - $f eng $g cau $h 0
918    $a .bckstg $b 2014-10-14

