01426cas a2200373I  4500
001 2267210
003 OCoLC
005 20141116014752.0
008 760620d19551969dcumr p       0   a0eng d
035    $a PITT  NO.  7110600009 $a AK $b UCU
040    $a PIT $c PIT $d UCU $d NSD $d COO $d OCL $d UtOrBLW
043    $a n-us---
049    $a STAP
090    $a HD4903.5.U58 $b N272
245 00 $a Right to work national newsletter.
264  1 $a Washington, D.C. : $b National Right to Work Committee.
336    $a text $b txt $2 rdacontent.
337    $a unmediated $b n $2 rdamedia.
338    $a volume $b nc $2 rdacarrier.
362 0  $a v. 1-v. 15, no. 6 (i.e. no. 5); Feb. 1955-May 1969.
525    $a Includes unnumbered supplements.
650  0 $a Working class $v Periodicals.
650  0 $a Right to labor $v Periodicals.
650  0 $a Labor unions $z United States $v Periodicals.
650  0 $a Open and closed shop $z United States $v Periodicals.
650  0 $a Labor movement $v Periodicals.
650  0 $a Labor $v Periodicals.
710 2  $a National Right to Work Committee (U.S.)
785 00 $t National right to work newsletter $x 0197-7032 $w (DLC)sn 80008852 $w (OCoLC)1759391.
850    $j Vol. 10. no. 1 (Jan. 27, 1964)-v. 11, no. 1 (Jan. 18, 1965)
850    $j Vol. 11, no. 3 (Mar. 26, 1965)-v. 15, no. 6 (i.e. no. 5) (May 26, 1969)
907    $a .b16028764 $b 220802 $c 970225
998    $a upr $b 970225 $c s $d 1   $e n $f eng $g dcu $h 0
918    $a .bckstg $b 2014-10-14

