01379cam a2200349Ia 4500
001 36332420
003 OCoLC
005 20141116014947.0
008 970206s1996    dcua     s   f000 0 eng d
040    $a GPO $c GPO $d UtOrBLW
043    $a n-us---
049    $a STAD
074    $a 0133-B-01
086 0  $a C 3.256/3:WC 92-S-2
088    $a WC 92-S-2
099    $a C 3.256/3:WC 92-S-2
130 0  $a Census of wholesale trade (1992). $p Subject series.
245 10 $a 1992 census of wholesale trade. $p Subject series. $p Measures of value produced, capital expenditures, depreciable assets, and operating expenses.
246 30 $a Subject series. $p measures of value produced, capital expenditures, depreciable assets, and operating expenses.
264  1 $a [Washington, D.C.?] : $b U.S. Department of Commerce, Economics and Statistics Administration, Bureau of the Census, $c [1996]
300    $a 1 v. (various pagings) : $b ill. ; $c 28 cm.
336    $a text $b txt $2 rdacontent.
337    $a unmediated $b n $2 rdamedia.
338    $a volume $b nc $2 rdacarrier.
500    $a Shipping list no.: 97-0108-P.
500    $a "Issued November 1996."
500    $a "WC92-S-2."
650  0 $a Wholesale trade $z United States $v Statistics.
710 1  $a United States. $b Bureau of the Census.
907    $a .b16058926 $b 230201 $c 970403
998    $a umn $b 970403 $c m $d a   $e n $f eng $g dcu $h 0
918    $a .bckstg $b 2014-10-14

