03647nam a2200625 a 4500
001 97-B233
003 CStRLIN
005 20141116015014.0
008 970414m19979999nju      b    001 0 eng d
010    $a 48002333
020    $a 0820514101
040    $c uu-L $d NIC $d CStclU-L $d UtOrBLW
043    $a n-us---
090    $a KF8840 $b .M652
100 1  $a Moore, James William, $d 1905-1994.
245 10 $a Moore's Federal practice / $c James Wm. Moore ; board of editors, Daniel R. Coquillette [and others].
246 30 $a Federal practice.
246 1  $a Reference manual on scientific evidence.
246 1  $a Manual for complex litigation.
246 1  $a Revision of the federal rules of civil procedure.
246 1  $a Proposed amendments to civil rules 26 and 56.
246 1  $a Moore's federal practice. Federal rules of criminal procedure.
246 1  $a Moore's federal practice update.
246 1  $a Federal practice update.
250    $a Third edition.
264  1 $a Newark, NJ : $b LexisNexis, $c 1997-
300    $a v. (loose-leaf) ; $c 25 cm.
336    $a text $b txt $2 rdacontent.
337    $a unmediated $b n $2 rdamedia.
338    $a volume $b nc $2 rdacarrier.
500    $a Vols. 24-28 have title: Moore's federal practice--Federal rules of criminal procedure.
500    $a Published: New York, N.Y. : Matthew Bender (1997-1999); Charlottesville, Va. : LEXIS Pub (2000-2001?); LexisNexis (2002?- )
500    $a Includes unnumbered index and tables volumes, and unnumbered pamphlet supplements with titles: Reference manual on scientific evidence; Manual for complex litigation; Judicial code (Title 28, United States Code judiciary and judicial procedure); E-discovery, the newly amended Federal Rules of Civil Procedure; Revision of the federal rules of civil procedure; Proposed amendments to civil rules 26 and 56; The 2015 amendments to the Federal Rules of Civil Procedure, and others.
500    $a Includes newsletter titled: Moore's federal practice update.
500    $a Description based on: t.p., v.2: c2003; release 137 (Mar. 2003).
504    $a Includes bibliographical references and index.
590    $a Supplemented by annual pamphlet with cover title: Moore's federal practice--rules pamphlet. Shelved at KF8816 .A194.
590    $a Federal practice update holdings begin with: Vol. 2005, no. 4 (April 2005)
590    $a Charney scanned.
650  0 $a Civil procedure $z United States.
650  0 $a Criminal procedure $z United States.
700 1  $a Coquillette, Daniel R.
700 1  $a Scheindlin, Shira A. $q (Shira Ann). $t E-discovery, the newly amended Federal Rules of Civil Procedure.
700 1  $a Vairo, Georgene. $t Complete CAFA, analysis and developments under the Class Action Fairness Act of 2005.
700 1  $a Vairo, Georgene. $t Federal Courts Jurisdiction and Venue Clarification Act of 2011, analysis and case law developments.
710 1  $a United States. $t Judiciary and Judicial Procedure.
730 0  $a Moore's federal practice--rules pamphlet.
740 0  $a Proposed amendments to civil rules 26 and 56.
740 0  $a Time-computation amendments to federal rules and statutes.
740 0  $a Jerold S. Solovy, a tribute.
856 41 $u https://lexisdl.com/library/scu/ $z E-book available in the Lexis Nexis Digital Library
856 41 $u https://signin.lexisnexis.com/lnaccess/app/signin?aci=la $z Sign in to LexisNexis Advance (Access restricted to current Law School faculty, staff, and students with a login and password supplied by LexisNexis)
907    $a .b1606625x $b 230929 $c 970414
998    $a heafe $a hstau $a hwww $b 111031 $c m $d a   $e l $f eng $g nju $h 0
918    $a .bckstg $b 2014-10-14

