01492nas a2200385Ia 4500
001 31067661
003 OCoLC
005 20141116015332.0
008 940908u1869uuuucautr p       0   a0eng d
040    $a KKS $c KKS $d UtOrBLW
049    $a STAP
090    $a PS501 $b .O95
130 0  $a Owl (Santa Clara, Calif.)
245 14 $a The Owl.
264  1 $a Santa Clara, Calif. : $b Santa Clara University, $c 1869-
300    $a v. : $b ill. ; $c 23 cm.
310    $a Three times a year.
336    $a text $b txt $2 rdacontent.
337    $a unmediated $b n $2 rdamedia.
338    $a volume $b nc $2 rdacarrier.
362 0  $a Vol. 1, no. 1 (Dec. 1869)-v. 76, no. 2/3 (winter/spring 1989)
500    $a "The Owl, founded in 1869, is Santa Clara University's literary and art triannual and is edited by undergraduate students."
515    $a Suspended publication 1875-1930?
550    $a Published by: Santa Clara College -<1916>; by Univeristy of Santa Clara <-1986>; by Santa Clara University, 1987-
650  0 $a American literature $v Periodicals.
710 2  $a Santa Clara College (Calif.)
710 2  $a University of Santa Clara.
710 2  $a Santa Clara University (Calif.)
785 00 $t Santa Clara review  $w (OCoLC)26910468.
850    $j Vol. 1, no. 1 (Dec. 1869)-v. 10, no.2 (Oct. 1875)
850    $j 1931-v. 76, no. 2/3 (winter/spring 1989)
907    $a .b16123062 $b 220802 $c 970611
998    $a (56)usc $a (69)upr $b 970611 $c s $d 1   $e n $f eng $g cau $h 4
918    $a .bckstg $b 2014-10-14
921    $a Santa Clara

