01244cas a2200385 a 4500
001 34885220
003 OCoLC
005 20141116015811.0
008 960606u1994uuuudcumr p       0    0eng d
010    $a sn 96034257
022    $a 1529-3106
040    $a IUL $c IUL $d UtOrBLW
042    $a lcd
049    $a STAM
090    $a PN4841 $b .R3
130 0  $a RTNDA communicator (Washington, D.C. : 1994)
245 10 $a RTNDA communicator.
246 2  $a Radio-Television News Directors Association communicator.
246 20 $a Communicator.
264  1 $a Washington, D.C. : $b The Association, $c [1994-]
264  4 $c ©1994-
300    $a v. : $b ill. ; $c 28 cm.
310    $a Monthly.
336    $a text $b txt $2 rdacontent.
337    $a unmediated $b n $2 rdamedia.
338    $a volume $b nc $2 rdacarrier.
362 0  $a Vol. 48, no. 6 (June 1994)-
500    $a Title from cover.
650  0 $a Broadcast journalism $v Periodicals.
710 2  $a Radio-Television News Directors Association.
780 00 $t Communicator (Washington, D.C. : 1988) $x 1041-7117 $w (DLC)sn 88003415 $w (OCoLC)18830227.
907    $a .b16180690 $b 220802 $c 970829
998    $a upr $b 970829 $c s $d 1   $e n $f eng $g dcu $h 0
918    $a .bckstg $b 2014-10-14
936    $a Vol. 49, no. 12 (Dec. 1995) LIC

