03939cas a2200721 a 4500
001 38499969
003 OCoLC
005 20231023085554.0
008 980224c19989999fr sr p       0   a0eng c
010    $a 98652763  $z sn 98050182
022    $a 1434-6028 $l 1434-6028 $2 7
030    $a EPJBFY
035    $a (OCoLC)38499969 $z (OCoLC)972869627 $z (OCoLC)985143659 $z (OCoLC)1013260459 $z (OCoLC)1045135780 $z (OCoLC)1049748824 $z (OCoLC)1053005259 $z (OCoLC)1064441697 $z (OCoLC)1077798577 $z (OCoLC)1139378248 $z (OCoLC)1161503335 $z (OCoLC)1190739853
037    $b Springer-Verlag New York Inc., Journal Fulfillment Services Dept., P.O. Box 2485, Secaucus, NJ 07096-2485
040    $a AKR $b eng $c AKR $d UMC $d HUL $d CUS $d CAS $d EYM $d MYG $d DLC $d IUL $d DLC $d MYG $d WAU $d MYG $d OCLCQ $d MYG $d GUA $d CDS $d NLGGC $d LVB $d WAU $d NSD $d OCLCQ $d CLU $d GBVCP $d UKMGB $d OCLCQ $d OCLCF $d UMC $d CLS $d IUL $d L2U $d OCLCO $d PUL $d UtOrBLW
042    $a pcc $a nsdp
049    $a STAP
082 00 $a 530.4/1/05 $2 20
090    $a QC173.45 $b .E86
210 0  $a Eur. phys. j., B Cond. matter phys. $b (Print)
222  0 $a European physical journal. B, Condensed matter physics $b (Print)
245 04 $a The European physical journal. $n B.
246 13 $a European physical journal. $n B, $p Condensed matter physics.
246 13 $a European physical journal. $n B, $p Condensed matter and complex systems.
246 13 $a EPJB.
246 13 $a EPJ B.
246 30 $a Condensed matter physics.
246 30 $a Condensed matter and complex systems.
264  1 $a Les Ulis, France : $b EDP Sciences ; $a Secaucus, NJ : $b Springer-Verlag, $c 1998-
300    $a volumes : $b illustrations ; $c 28 cm.
310    $a Semimonthly.
336    $a text $b txt $2 rdacontent.
337    $a unmediated $b n $2 rdamedia.
338    $a volume $b nc $2 rdacarrier.
362 0  $a Vol. 1, no. 1 (1998)-
500    $a Title from cover.
515    $a Published in six volumes (24 issues) per year.
530    $a Also issued in microform by University Microfilms International, and online.
550    $a Recognized by the European Physical Society.
550    $a Issued by: EDP Sciences, Societa Italiana di Fisica and Springer, <2010->
580    $a Merger of: Journal de physique. I, and: Zeitschrift für Physik. B, Condensed matter.
580    $a Absorbed in part, in 1999: Nuovo cimento della Società italiana di fisica. D, Condensed matter, atomic, molecular and chemical physics, biophysics.
580    $a Section on Soft condensed matter continued in 2000 as: European physical journal. E, Soft matter.
588    $a Latest issue consulted: Vol. 73, no. 4 (Feb. 11, 2010).
650  0 $a Condensed matter $v Periodicals.
650  0 $a Physics $v Periodicals.
650  7 $a Condensed matter. $2 fast $0 (OCoLC)fst00874443.
650  7 $a Physics. $2 fast $0 (OCoLC)fst01063025.
655  4 $a Computer network resources.
655  7 $a Periodicals. $2 fast $0 (OCoLC)fst01411641.
655  7 $a Periodicals. $2 lcgft $0 http://id.loc.gov/authorities/genreForms/gf2014026139 $0 (uri) http://id.loc.gov/authorities/genreForms/gf2014026139.
710 2  $a EDP Sciences, $e issuing body.
710 2  $a European Physical Society, $e issuing body.
710 2  $a Società italiana di fisica, $e issuing body.
776 08 $i Online version: $t European physical journal. B (Online) $x 1434-6036 $w (DLC)  2004233447 $w (OCoLC)39166276.
780 04 $t Journal de physique. I $x 1155-4304 $w (DLC)   91641443 $w (OCoLC)22936696.
780 04 $t Zeitschrift für Physik. B, Condensed matter $x 0722-3277 $w (DLC)   98652762 $w (OCoLC)6631419.
780 06 $t Nuovo cimento della Società italiana di fisica. D, Condensed matter, atomic, molecular and chemical physics, biophysics $g 1999 $x 0392-6737 $w (DLC)sc 82003630 $w (OCoLC)8724239.
785 01 $t European physical journal. E, Soft matter $g 2000 $x 1292-8941 $w (DLC)   00252059 $w (OCoLC)43386567.
907    $a .b16309534 $b 231023 $c 980320
998    $a upr $b 230825 $c s $d 1   $e n $f eng $g fr  $h 4
918    $a .bckstg $b 2016-12-01
919    $a .b $b 2022-07-07

