01293cas a2200361 a 4500
001 7549196
003 OCoLC
005 20141116024746.0
008 810702d18851896mauqr p       0   a0eng d
010    $a 99112013  $z sn 91013183
040    $a LYU $c LYU $d NSD $d NST $d DLC $d UtOrBLW
042    $a lc
049    $a STAP
050 00 $a CC1 $b .A6
245 04 $a The American journal of archaeology and of the history of the fine arts.
264  1 $a Boston : $b Ginn, $c 1885-1896.
300    $a 11 v. : $b ill. ; $c 26 cm.
310    $a Quarterly.
336    $a text $b txt $2 rdacontent.
337    $a unmediated $b n $2 rdamedia.
338    $a volume $b nc $2 rdacarrier.
362 0  $a Vol. 1 (1885)-v. 11 (1896).
515    $a Suspended during 1892.
555    $a Vol. 1 (1885)-v. 10 (1895).  1 v.
650  0 $a Archaeology $v Periodicals.
650  0 $a Art $v Periodicals.
710 2  $a Archaeological Institute of America.
785 00 $t American journal of archaeology $x 0002-9114 $w (DLC)   12030242 $w (OCoLC)5696010.
850    $j Vol. 8, no. 1 (Jan./Mar. 1893)-v. 11, no. 4 (Oct./Dec. 1896)
890    $a American journal of archaeology. (Archaeological Institute of America)  Baltimore.  1885-   .
907    $a .b16716802 $b 161025 $c 991208
998    $a upr $b 991208 $c s $d 1   $e z $f eng $g mau $h 4
918    $a .bckstg $b 2014-10-14

