01651nam a2200373 a 4500
001 00-B871
003 CStRLIN
005 20141116031150.0
008 000802s2000    cau          s001 0 eng d
020    $a 0314233709 :
040    $d CSt-Law $d CLSU-l $d CStclU-L $d UtOrBLW
043    $a n-us-ca
090    $a KFC75 $b .J47 2000
100 1  $a Jessen, Edward W.
245 10 $a California style manual : $b a handbook of legal style for California courts and lawyers / $c by Edward W. Jessen.
250    $a Fourth edition.
264  1 $a San Francisco : $b West Group, $c 2000.
300    $a xxvi, 273 p. ; $c 23 cm.
336    $a text $b txt $2 rdacontent.
337    $a unmediated $b n $2 rdamedia.
338    $a volume $b nc $2 rdacarrier.
500    $a Rev. ed. of:  California style manual / by R.E. Formichi. 3rd ed. 1986.
500    $a Includes index.
590    $a Charney scanned.
650  0 $a Legal composition.
650  0 $a Printing $v Style manuals.
650  0 $a Appellate procedure $z California.
650  0 $a Annotations and citations (Law) $z California.
700 1  $a Formichi, Robert E. $t California style manual.
856 41 $u http://lawschool.westlaw.com/shared/westlawRedirect.asp?url=http%3A%2F%2Fwww%2Ewestlaw%2Ecom%2Fsearch%2Fdefault%2Ewl%3Fdb%3Dcastyle%26Action%3Dsearch%26RS%3DITK3%2E0%26VR%3D1%2E0&appflag=87.9 $z Connect to the current edition of this title via Westlaw (Access restricted to current Law School faculty, staff, and students with a login and password supplied by Westlaw)
907    $a .b16962965 $b 220802 $c 000802
998    $a heafe $a href $a hwww $b 000921 $c m $d a   $e l $f eng $g cau $h 0
918    $a .bckstg $b 2014-10-14
901    $a updated 10/00 md

