01396cam a2200349Ia 4500
001 45433514
003 OCoLC
005 20141116031859.0
008 001128s1998    cauao         000 0 eng d
040    $a STA $c STA $d UtOrBLW
049    $a STAM
052    $a 4363 $b S4
090    $f Folio $a GV958.S26 $b H55 1998
100 1  $a Hildebrand, Chuck.
245 10 $a Bronco Sundays / $c by Chuck Hildebrand.
264  1 $a Sunnyvale, Calif. : $b Columbia Printing, $c 1998.
300    $a 268 p. : $b ill., photos. ; $c 29 cm.
336    $a text $b txt $2 rdacontent.
337    $a unmediated $b n $2 rdamedia.
338    $a volume $b nc $2 rdacarrier.
500    $a Includes team rosters and game schedules from 1919 through 1952.
520    $a Traces the history of football at Santa Clara University from its beginnings in 1896 through 1952.
583 1  $a Committed to retain $c 20220701 $d 20320731 $f SCELC Shared Print $u https://scelc.org/libraries/shared-print $z retain for SCELC.
610 20 $a Santa Clara University (Calif.) $x Football $x History.
610 20 $a Santa Clara Broncos (Football team) $x History.
650  0 $a Football teams $z California $z Santa Clara $x History.
650  0 $a Football $z California $z Santa Clara.
650  0 $a Football players $z California $z Santa Clara.
907    $a .b17041958 $b 220629 $c 001128
998    $a umn $a usc $b 001128 $c m $d a   $e - $f eng $g cau $h 0
918    $a .bckstg $b 2014-10-14
921    $a Santa Clara

