05307cam a2201129 a 4500
003 CStRLIN
005 20141116033434.0
006 m        j f      
007 cr nn         
008 010109m20009999nyu           000 0 eng d
040    $a MBS $c MBS $d CStclU-L $d UtOrBLW
245 00 $a HeinOnline $h [electronic resource]. : $b the modern link to legal history.
246 30 $a HeinOnline.
246 13 $a Hein online.
246 1  $a ABA law library collection periodicals.
246 1  $a American Association of Law Libraries (AALL) Library.
246 1  $a American Bar Association journals.
246 1  $a Association of American Law Schools (AALS) Library.
246 1  $a American Law Institute Library.
246 1  $a American Indian Law Collection.
246 1  $a Bar Journals Library.
246 1  $a Brennan Center for Justice Publications.
246 1  $a California Session Laws.
246 1  $a Cataloging legal literature.
246 1  $a Code of Federal Regulations.
246 1  $a Congress and the Courts Collection.
246 1  $a Core U.S. Journals Library.
246 1  $a Criminal Justice Journals Library.
246 1  $a Early American case law.
246 1  $a English Reports, Full Reprint (1220-1867)
246 1  $a European Center for Minority Issues Library.
246 1  $a Federal Register Library.
246 1  $a Foreign & international law resources database.
246 1  $a Foreign Relations of the United States (FRUS)
246 1  $a GAO Reports and Comptroller General Decisions.
246 1  $a Hague Academy of collected courses.
246 1  $a Harvard research in international law.
246 1  $a History of bankruptcy, Taxation & Economic Reform in America, Part III.
246 1  $a History of international law collection.
246 1  $a History of Supreme Court Nominations.
246 1  $a International & Non-U.S. Law Journals.
246 1  $a Intellectual Property Law Journal Library.
246 1  $a Israel law reports.
246 1  $a Legal Classics Library.
246 1  $a Law Library of Congress Reports.
246 1  $a Manual of Patent Examining Procedure.
246 1  $a Military Legal Resources.
246 1  $a Most-Cited Law Journals.
246 1  $a National Conference of Commissioners on Uniform State Laws.
246 1  $a National Moot Court Competition.
246 1  $a National Survey of State Laws.
246 1  $a Philip C. Jessup Library.
246 1  $a Parker School of Foreign and Comparative Law publications.
246 1  $a Selden Society Publications and the History of Early English Law.
246 1  $a Session Laws Library.
246 1  $a Slavery in America and the world: history, culture and law 
246 1  $a State attorney general reports and opinions.
246 1  $a State constitutions illustrated.
246 1  $a State reports: a historical archive.
246 1  $a State statutes: a historical archive.
246 1  $a Subject Compilations of State Laws.
246 1  $a Tax Foundation Archive Publications.
246 1  $a Taxation & Economic Reform in America, Parts I & II, 1781-
246 1  $a Treaties and Agreements Library.
246 1  $a Trends in Law Library Management and Technology.
246 1  $a United Nations Law Collection.
246 1  $a United States International Trade.
246 1  $a United States Code.
246 1  $a U.S. Attorney General Opinions.
246 1  $a U.S. Congressional Documents.
246 1  $a U.S. Congressional Serial Set.
246 1  $a U.S. Federal Agency Documents, Decisions, and Appeals.
246 1  $a U.S. Federal Legislative History Library.
246 1  $a U.S. Presidential Library.
246 1  $a U.S. Reports, U.S. Reports prelimenary prints, and U.S. Reports slip opinions (U.S. Supreme Court Library)
246 1  $a U.S. Statutes at Large.
246 1  $a U.S. Supreme Court Library.
246 1  $a Water rights & resources.
246 1  $a Women and the law.
246 1  $a World Constitutions illustrated.
264  1 $a [New York, N.Y.] : $b Hein, $c [2000]-
336    $a text $b txt $2 rdacontent.
337    $a computer $b c $2 rdamedia.
338    $a online resource $b cr $2 rdacarrier.
500    $a Title from title screen (viewed on Jan. 9, 2001).
500    $a Library owns perpetual access to external Hard Drive (contents through 2012).
506    $a Access is limited to Santa Clara University IP range.  Off-campus access by current SCU students, faculty, and staff is available via proxy server. Instructions for logging into the proxy server can be found at:  http://www.scu.edu/SCU/Library/Orradre/resources/databases/support/wamproxy.html.
520    $a Hein Online provides full text access to various legal journals and reviews and other legal resources.  It provides current and retrospective access to most titles in the database.  Also provides access to a retrospective Federal Register database.
538    $a Mode of access: World Wide Web via the Internet.
650  0 $a Law reviews $v Databases.
650  0 $a Law $v Periodicals $v Databases.
690  1 $a WWW.
740 0  $a Law journal Library.
856 40 $u https://login.libproxy.scu.edu/login?url=https://heinonline.org/HOL/Welcome $z Connect to HeinOnline
907    $a .b17189822 $b 231113 $c 010321
998    $a hwww $b        $c m $d n   $e l $f eng $g nyu $h 0
918    $a .bckstg $b 2014-10-14

