01263nas a2200373 a 4500
001 01-S50
003 CStRLIN
005 20141116034238.0
008 011018c198u9999enkmr p       0   a0eng d
010    $a 90658505
022    $a 0952-7613
037    $b BNA International Inc., 17 Dartmouth St., London SW1H 9BL, England
040    $a LNT-L $c LNT-L $d ViU-L $d OCoLC $d DLC $d MH-L $d CStRLIN $d UtOrBLW
042    $a lc
050 0  $a K1401.A13 $b W67
090    $a K27 $b .W66
245 00 $a World intellectual property report.
264  1 $a London : $b BNA International Inc.
300    $a v. ; $c 30 cm.
310    $a Monthly.
336    $a text $b txt $2 rdacontent.
337    $a unmediated $b n $2 rdamedia.
338    $a volume $b nc $2 rdacarrier.
500    $a Description based on: Vol. 1, no. 2 (Oct. 1987); title from caption.
590    $a SUBSCRIPTION CANCELLED 2015.  LAST EDITION RECEIVED IS VOL. 59.
590    $a Loyola scanned.
650  0 $a Intellectual property $v Periodicals.
650  0 $a Intellectual property (International law) $v Periodicals.
690  0 $a Law $v Periodicals.
710 2  $a BNA International Inc.
907    $a .b17274047 $b 191113 $c 011018
998    $a heafe $b 020918 $c s $d 1   $e n $f eng $g enk $h 0
918    $a .bckstg $b 2014-10-14
901    $a updated 9/02 wa

