01771cam a2200385 a 4500
001 47488463
003 OCoLC
005 20141116034652.0
008 010920t20012001caua     b    000 0 eng d
010    $a 2001275164
040    $a DPL $c DLC $d UtOrBLW
042    $a lccopycat
043    $a e-fr--- $a n-us-ca
049    $a STAM
050 00 $a ND546 $b .C468 2001
100 1  $a Chalmers, Claudine, $d 1948-
245 10 $a Splendide Californie! : $b impressions of the Golden State by French artists, 1786 to 1900 / $c Claudine Chalmers ; foreword by James McClatchy.
264  1 $a San Francisco : $b Book Club of California, $c [2001]
264  4 $c ©2001.
300    $a xiv, 144 p. : $b ill. (some col.) ; $c 34 cm.
336    $a text $b txt $2 rdacontent.
337    $a unmediated $b n $2 rdamedia.
338    $a volume $b nc $2 rdacarrier.
490 1  $a Publication / Book Club of California ; $v 212.
500    $a "This book was designed and its production supervised by The Yolla Bolly Press, Covelo, California. The text was set in the Garamond types by Farris Graphics, Covelo, California. The paper is Arches Velin. An edition of 450 copies was printed by photo offset lithography and bound in South Korea by Yon Art Printing. Producton was arranged through Global Interprint, Santa Rosa, California."--Colophon.
504    $a Includes bibliographical references (p. 140-144).
650  0 $a Painting, French $z California $y 18th century.
650  0 $a Painting, French $z California $y 19th century.
651  0 $a California $v In art.
710 2  $a Book Club of California.
710 2  $a Yolla Bolly Press.
830  0 $a Publication (Book Club of California) ; $v no. 212.
907    $a .b17315566 $b 230911 $c 020124
998    $a umn $a usc $b 020124 $c m $d a   $e - $f eng $g cau $h 0
918    $a .bckstg $b 2014-10-14

