01874cai a2200421 a 4500
003 CStRLIN
005 20141116035913.0
007 cr anu---mucma
008 050616c20029999cautr p       0     eng d
040    $d SCUHF $d UtOrBLW
090    $a K23 $b .S3595
245 00 $a Santa Clara journal of international law.
246 3  $a SCCJIL.
246 13 $a Santa Clara cyber journal of international law.
246 1  $i Citation title: $a Santa Clara J. Int'l l.
264  1 $a Santa Clara, Calif. : $b Santa Clara University, School of Law, $c 2002-
310    $a 3 no. yearly, $b 2005-
321    $a Annual, $b 2003-2004.
336    $a text $b txt $2 rdacontent.
337    $a computer $b c $2 rdamedia.
338    $a online resource $b cr $2 rdacarrier.
362 0  $a Vol. 1 (2003)-
500    $a Vols. 1-4  issued only online;  issued online and in print with v. 5- .
500    $a Description based on: Vol. 5, no. 1 (2006); title from cover.
525    $a Each vol. accompanied by a symposium issue.
590    $a PRINT SUBSCRIPTION CANCELLED 2017.  LAST EDITION RECEIVED IS VOL.14:1.
599    $a HeinOnline.
590    $a Charney scanned.
650  0 $a International law $v Periodicals.
690  0 $a Law reviews $z California.
690  0 $a Law $v Periodicals.
710 2  $a Santa Clara University (Calif.). $b School of Law.
740 02 $a Santa Clara journal of international law symposium.
856 40 $u https://login.libproxy.scu.edu/login?url=https://www.heinonline.org/HOL/Index?collection=journals&index=journals/scjil $z Connect to the Santa Clara Journal of International Law via HeinOnline
856 40 $u http://digitalcommons.law.scu.edu/scujil/ $z Connect to the Santa Clara Journal of International Law via the Law School Digital Commons website
907    $a .b17438925 $b 220830 $c 021030
998    $a heafe $a hchar $a hwww $b 050617 $c s $d a   $e l $f eng $g cau $h 0
918    $a .bckstg $b 2014-10-14

