02392cam a2200385 a 4500
001 46314891
003 OCoLC
005 20141116041346.0
008 010126s2002    enka     b    001 0 eng  
010    $a 2001021078
015    $a GBA1-W2614
020    $a 019513043X
040    $a DLC $c DLC $d UKM $d C#P $d VVC $d DAY $d OCLCQ $d UtOrBLW
043    $a a-cc-ti
049    $a STAM
050 00 $a BQ7805 $b .V57 2002
245 00 $a Visions of compassion : $b Western scientists and Tibetan Buddhists examine human nature / $c edited by Richard J. Davidson & Anne Harrington.
264  1 $a Oxford ; $a New York : $b Oxford University Press, $c 2002.
300    $a xi, 263 p. : $b ill. ; $c 24 cm.
336    $a text $b txt $2 rdacontent.
337    $a unmediated $b n $2 rdamedia.
338    $a volume $b nc $2 rdacarrier.
505 0  $a pt. 1. Historical and philosophical background. Training the mind: first steps in a cross-cultural collaboration in neuroscientific research / Zara Houshmand ... [et al.] ; A science of compassion or a compassionate science? What do we expect from a cross-cultural dialogue with Buddhism? / Anne Harrington ; Is compassion an emotion? a cross-cultural exploration of mental typologies / Georges Dreyfus ; Kindness and cruelty in evolution / Elliott Sober ; Understanding our fundamental nature / His Holiness the Dalai Lama ; Dialogues, pt. 1: fundamental questions -- pt. 2. Social, behavioral, and biological explorations of altruism, compassion, and related constructs. Toward a biology of positive affect and compassion / Richard J. Davidson ; Empathy-related emotional responses, altruism, and their socialization / Nancy Eisenberg ; Emergency helping, genocidal violence, and the evolution of responsibility and altruism in children / Ervin Staub ; Altruism in competitive environments / Robert H. Frank ; Dialogues, pt. 2. Pragmatic extensions and applications.
504    $a Includes bibliographical references and index.
650  0 $a Meditation $x Buddhism $x Psychology.
650  0 $a Meditation $x Buddhism $x Physiological aspects.
650  0 $a Compassion $x Religious aspects $x Buddhism.
650  0 $a Altruism.
650  0 $a Empathy.
650  0 $a Buddhism $z China $z Tibet Autonomous Region.
700 1  $a Davidson, Richard J.
700 1  $a Harrington, Anne, $d 1960-
907    $a .b17588121 $b 150225 $c 031117
998    $a umn $b 040206 $c m $d a   $e - $f eng $g enk $h 0
918    $a .bckstg $b 2014-10-14

