02445cam a2200409 a 4500
001 56442144
003 OCoLC
005 20141116043636.0
008 050111t20042004enka     b    001 0 eng  
010    $a 2005295284
015    $a GBA4-X2711
020    $a 1850434859
020    $a 1850435456 (pbk.)
020    $a 9781850434856
020    $a 9781850435457 (pbk.)
040    $a Uk $c UKM $d DLC $d C#P $d OCL $d BAKER $d VVC $d UtOrBLW
042    $a lccopycat
043    $a aw-----
049    $a STAM
050 00 $a P94.5.W652 $b M53 2004
245 00 $a Women and media in the Middle East : $b power through self-expression / $c edited by Naomi Sakr.
264  1 $a London ; $a New York : $b I.B. Tauris, $c [2004]
264  4 $c ©2004.
300    $a viii, 248 p. : $b ill. ; $c 23 cm.
336    $a text $b txt $2 rdacontent.
337    $a unmediated $b n $2 rdamedia.
338    $a volume $b nc $2 rdacarrier.
490 1  $a Library of modern Middle East studies ; $v 41.
505 0  $a Women-media interaction in the Middle East: an introductory overview / Naomi Sakr -- The women's press in contemporary Iran: engendering the public sphere / Gholam Khiabany, Annabelle Sreberny -- 'Til I become a minister': women's rights and women's journalism in pre-1952 Egypt / Sonia Dabbous -- Maghrebi women film-makers and the challenge of modernity: breaking women's silence / Zabia Smail Salhi -- The Orient and its others: women as tools of nationalism in Egyptian political cinema / Lina Khatib -- Multiple literacies, multiple identities: Egyptian rural women's readings of televised literacy campaigns / Sahar Khamis -- Echoes: gender and media challenges in Palestine / Benaz Somiry-Batrawi -- Engagement in the public sphere: women and the press in Kuwait / Haya al-Mughni, Mary Ann Tétreault -- Blessings and curses: women and the internet revolution in the Arab world / Deborah L. Wheeler -- Power, NGOs and Lebanese television: a case study of Al-Manar TV and the Hezbollah women's association / Victoria Firmo-Fontan -- Straddling cultures: Arab women journalists at home and abroad / Magda Abu-Fadil.
504    $a Includes bibliographical references (p. [228]-240) and index.
650  0 $a Mass media and women $z Middle East.
650  0 $a Mass media $z Middle East.
700 1  $a Sakr, Naomi.
830  0 $a Library of modern Middle East studies ; $v 41.
907    $a .b1797298x $b 180919 $c 050606
998    $a umn $b 060112 $c m $d a   $e y $f eng $g enk $h 0
918    $a .bckstg $b 2014-10-14

