03806nam a2200349 a 4500
005 20141116044608.0
008                                         
040    $d UtOrBLW
099    $a 3DB24
110 2  $a Santa Clara University (Calif.). $b Office of the President.
245 10 $a Papers of Patrick A. Donohoe, S.J., $f 1958-1968.
300    $a 12 cubic feet : $b 30 boxes & 1 booklet.
336    $a text $b txt $2 rdacontent.
337    $a unmediated $b n $2 rdamedia.
338    $a volume $b nc $2 rdacarrier.
351    $a Contains the office files from the Office of the President for Patrick A. Donohoe, S.J.  The records are arranged alphabetically by file title or chronologically within each series in 28 boxes.  The series are: Speech and clipping files, Box 1; Subject Files, Boxes 1-29.
506    $a Records may contain restricted materials.
520    $a During Father Donohoe's ten year administration, the University underwent tremendous physical growth and social change: it became coeducational in 1961, the undergraduate student body tripled in size, graduate programs at both the Master’s and doctoral levels were installed in the Schools of Business and Engineering, and the Santa Clara Plan, a new academic program, was adopted.  In addition, Father Donohoe created the Board of Regents in 1959, broadened the university’s fundraising efforts, and launched a building program that produced 11 buildings and Buck Shaw Stadium, totaling nearly $13 million.  During the turbulent 1960’s, Father Donohoe became an eloquent spokesman in defense of academic freedom as Santa Clara began sponsoring speakers and programs considered controversial. Records include copies of speeches given by Fr. Donohoe during his presidency, clippings, correspondence, policy decisions, unusual events, units reporting to the President, committees, task forces chaired by the President, reports, minutes, publications and brochures from the President's Office, staff memos, meeting minutes, and program files.
540    $a Permission to copy or publish any portion of the Archives’ materials must be given by the University Archives.
545    $a The Very Rev. Patrick A. Donohoe, S.J. was named the 24th president of Santa Clara in 1958.  Born in San Francisco in 1914, he entered the Society of Jesus at the Los Gatos Novitiate in 1931, following his graduation from St. Ignatius High School.  Father Donohoe received his B.A. and M.A. degrees at Gonzaga University, an S.T.L. degree from Alma College, and earned his Ph.D. in political science at St. Louis University in 1952. Fr. Donohoe came to the University of Santa Clara in 1950, and taught political science until 1957.  In 1953, he was named chairman of the Political Science Department. Fr. Donohoe served as the regional assistant and director of studies in the Provincial’s Office in San Francisco from 1957 to 1958, prior to being named President of the University of Santa Clara.  On January 31, 1968, Fr. Donohoe was named California Provincial of the Society of Jesus. He served briefly as acting president at Santa Clara when then president, Father Thomas Terry, S.J., resigned the post because of ill health. Fr. Donohoe died February 6, 1984.
555 0  $a Inventory available in University Archives.
541    $e 990-035.
600 10 $a Donohoe, Patrick A., S.J.
610 20 $a Santa Clara University (Calif.) $v Archives.
610 20 $a Santa Clara University (Calif.) $x Administration.
610 20 $a Santa Clara University (Calif.) $x Presidents.
650  0 $a Universities and colleges $x Administration $z California $z Santa Clara.
650  0 $a College presidents $z California $z Santa Clara.
907    $a .b18087632 $b 220802 $c 060314
998    $a usc $b        $c m $d a   $e n $f eng $g us  $h 0
918    $a .bckstg $b 2014-10-14
921    $a Santa Clara

