01376nam a2200265 a 4500
005 20141116044708.0
008                                         
040    $d UtOrBLW
099    $a 5TS
110 2  $a Santa Clara University (Calif.). $b Department of Athletics.
245 10 $a SCU Men's & Women's Soccer Program Records, $f 1989-.
300    $a 1.7 linear feet : $b 4 boxes (Hollinger).
336    $a text $b txt $2 rdacontent.
337    $a unmediated $b n $2 rdamedia.
338    $a volume $b nc $2 rdacarrier.
351    $a Contains soccer program materials arranged chronologically in 4 boxes.
520    $a Files contain newspaper clippings, media guides, season schedules, score cards, and rosters of players and coaching staff. The media guides are publications used by the local and national media to track the teams; the media guides include season previews, player profiles, photos, statistics, and historical records.
540    $a Permission to copy or publish any portion of the Archives' material must be given by the Department of Archives and Special Collections.
610 20 $a Santa Clara University (Calif.) $v Archives.
610 20 $a Santa Clara University (Calif.) $x Soccer.
650  0 $a College sports $z California $z Santa Clara.
907    $a .b1809756x $b 220802 $c 060403
998    $a usc $b        $c m $d a   $e n $f eng $g us  $h 0
918    $a .bckstg $b 2014-10-14
921    $a Santa Clara

