01461cas a2200373 a 4500
003 CStRLIN
005 20141116044835.0
008 940316d19611988iluuu         0   a0eng d
040    $a PQD $c PQD $d ICU $d CStclU-L $d UtOrBLW
041 0  $a eng
043    $a e------
090    $a KJE925.5 $b .C652
245 00 $a Common Market reporter court decisions.
264  1 $a Chicago : $b Commerce Clearing House, $c [1967-1988]
264  4 $c [©1967-1988]
300    $a 13 v. ; $c 25 cm.
336    $a text $b txt $2 rdacontent.
337    $a unmediated $b n $2 rdamedia.
338    $a volume $b nc $2 rdacarrier.
362 0  $a 1961/66-1987/1988.
500    $a "Court of justice, national courts."
580    $a Serves as transfer binder for some material of permanent value from the Common market reporter.
590    $a Loyola scanned.
650  0 $a Commercial law $z European Economic Community countries $v Cases.
650  0 $a Law reports, digests, etc. $z European Economic Community countries.
710 2  $a Court of Justice of the European Communities.
710 2  $a Commerce Clearing House.
785 00 $t European Community cases $x 0954-710X $w (DLC)sn 9125187 $w (OCoLC)21362998 $w (ICU)BID=12652298.
787 1  $a Common market reporter $w (DLC) 626322 $w (OCoLC)5311667 $w (ICU)BID=9793230.
850    $f 1 $g 5 $k 1961/1966-1986/1988.
907    $a .b18112201 $b 190816 $c 060517
998    $a heafe $a hstac $b 060517 $c s $d a   $e n $f eng $g ilu $h 0
918    $a .bckstg $b 2014-10-14
901    $a updated 5/06 wa

