00241nam a2200085 a 4500
008                                         
099    $a BR60.F3 A-Z
245  0 $a Fathers of the Church.
907    $a .b18450209 $b 230928 $c 070507
998    $a umn $b        $c s $d a   $e y $f eng $g xxu $h 0

