00506nam a2200133 a 4500
008                                         
245  0 $a OCLC cataloging and metadata - Heafey.
246    $a CALI bibliographic records.
246    $a LLMC Digital bibliographic records.
246    $a Native American Legal Materials bibliographic records (call no. KF 8201 N22)
246    $a WorldCat Collection Sets bibliographic records.
260 1  $a OCLC.
907    $a .b18470877 $b 230927 $c 070726
998    $a heafe $b        $c - $d -   $e y $f eng $g xxu $h 0

