01230cam a2200361 a 4500
001 39123986
003 OCoLC
005 20210706165407.0
008 980506t19981998oru      b    000 0 eng  
010    $a 98007952
020    $a 188522382X
020    $a 9781885223821
035    $a (OCoLC)39123986
040    $a DLC $c DLC $d BAKER $d BTCTA $d UtOrBLW
043    $a n-us---
049    $a STAM
050 00 $a HQ535 $b .C29 1998
100 1  $a Casey, Terri.
245 10 $a Pride and joy : $b the lives and passions of women without children / $c Terri Casey.
246 3  $a Pride & joy.
264  1 $a Hillsboro, Or. : $b Beyond Words Pub., $c [1998]
264  4 $c ©1998.
300    $a xx, 201 p. ; $c 23 cm.
336    $a text $b txt $2 rdacontent.
337    $a unmediated $b n $2 rdamedia.
338    $a volume $b nc $2 rdacarrier.
504    $a Includes bibliographical references (p. 197-201).
583 1  $a Committed to retain $c 20220701 $d 20320731 $f SCELC Shared Print $u https://scelc.org/libraries/shared-print $z retain for SCELC.
650  0 $a Childlessness $z United States $v Case studies.
650  0 $a Women $z United States $x Psychology.
907    $a .b18491753 $b 220629 $c 071015
998    $a umn $b 210521 $c m $d a   $e - $f eng $g oru $h 0
918    $a .bckstg $b 2016-12-01

