00636nam a2200241 a 4500
008                                         
245  0 $a Equipment.
246    $a Mac Charger.
246    $a Ipad/Keyboard Law Tech.
246    $a Power Adapter Kit.
246    $a iClicker.
246    $a Phone Charger.
246    $a Laptop Charger.
246    $a Mac Adapters.
246    $a Flash Drives.
246    $a Clickers.
246    $a Webcams.
246    $a USB drives.
246    $a USBC drives.
246    $a HDMI to HDMI adapters.
590    $a Charney scanned.
907    $a .b18558720 $b 231107 $c 071121
998    $a heafe $b        $c - $d -   $e y $f eng $g xxu $h 0

