00205nam a2200073 a 4500
008                                         
245  0 $a Envelope File.
907    $a .b18570641 $b 230710 $c 080131
998    $a usc $b        $c m $d a   $e n $f eng $g us  $h 0

