01191cgm a2200325Ia 4500
001 22343277
003 OCoLC
005 20141116053848.0
007 vf cbaho|
008 900907s1990    dcu---            vueng d
035    $a (OCoLC)22343277
040    $a PCJ $b eng $c PCJ $d OCL $d RSC $d OCL $d OCLCQ $d UtOrBLW
043    $a n-us---
049    $a [Media]STAV
099    $a VHS 06019
110 2  $a United States Catholic Conference.
245 12 $a A passion for faith $h [videorecording] : $b the struggle of Black Catholics in America / $c United States Catholic Conference.
264  1 $a Washington, DC : $b United States Catholic Conference Inc., $c 1990.
264  2 $b USCC Pub. Services [distributor].
300    $a 1 videocassette (60 min.) : $b sd., col. ; $c 1/2 in.
336    $a two-dimensional moving image $b tdi $2 rdacontent.
337    $a video $b v $2 rdamedia.
338    $a videocassette $b vf $2 rdacarrier.
511 0  $a Hosted and narrated by Avery Brooks.
650  0 $a African Americans $x Religion.
651  0 $a United States $x Religious life and customs.
907    $a .b18789626 $b 210630 $c 081106
998    $a uvd $b 131031 $c m $d g   $e z $f eng $g dcu $h 2
918    $a .bckstg $b 2014-10-14
919    $a .b $b 2013-06-03

