01926cam a2200421 a 4500
001 47297646
003 OCoLC
005 20141116053916.0
008 010709s2002    nju      b    001 0 eng  
010    $a 2001040464
015    $a GBA3-42182
015    $a GBA2-Z6922
020    $a 0805835334 (alk. paper)
020    $a 9780805835335 (alk. paper)
020    $a 0805835342 (pbk. : alk. paper)
020    $a 9780805835342 (pbk. : alk. paper)
035    $a (OCoLC)47297646 $z (OCoLC)48678345 $z (OCoLC)51683362
040    $a DLC $c DLC $d C#P $d NLC $d UKM $d BAKER $d BTCTA $d YDXCP $d OCLCG $d UtOrBLW
043    $a n-us---
049    $a STAM
050 00 $a P40.45.U5 $b S34 2002
100 1  $a Schecter, Sandra R.
245 10 $a Language as cultural practice : $b Mexicanos en el norte / $c Sandra R. Schecter, Robert Bayley.
264  1 $a Mahwah, N.J. : $b L. Erlbaum, $c 2002.
300    $a xix, 224 p. ; $c 23 cm.
336    $a text $b txt $2 rdacontent.
337    $a unmediated $b n $2 rdamedia.
338    $a volume $b nc $2 rdacarrier.
505 8  $a Machine generated contents note: Foreword -- Ana Celia Zentella -- Acknowledgments -- Preface -- Framing Our Agenda -- 2 Mexicanos in California and Texas -- 3 Language as Cultural Identification -- 4 Enacting Spanish Maintenance -- 5 Narrative Production Across the Bilingual Contin- -- uum -- 6 Doing School at Home -- 7 Language Socialization in Theory and Practice -- 8 Bilingualism in Time and Space -- References -- Author Index -- Subject Index.
504    $a Includes bibliographical references (p. 201-212) and indexes.
650  0 $a Sociolinguistics $z United States.
650  0 $a Mexican Americans $x Languages.
650  0 $a Children $x Language.
700 1  $a Bayley, Robert, $d 1943-
856 41 $z View Table of contents $u http://www.loc.gov/catdir/toc/fy022/2001040464.html
907    $a .b18793940 $b 170321 $c 081201
998    $a umn $b        $c m $d a   $e y $f eng $g nju $h 0
918    $a .bckstg $b 2014-10-14

