02896cam a2200529 a 4500
001 320798593
003 OCoLC
005 20141116082018.0
008 090615t20102010nyua     b    000 0 eng  
010    $a 2009023929
015    $a GBA999077 $2 bnb
020    $a 9780231144742 (cloth : alk. paper)
020    $a 0231144741 (cloth : alk. paper)
020    $a 9780231144759 (pbk. : alk. paper)
020    $a 023114475X (pbk. : alk. paper)
020    $a 9780231517782 (e-book)
020    $a 0231517785 (e-book)
035    $a (OCoLC)320798593
040    $a DLC $c DLC $d BTCTA $d UKM $d C#P $d YDXCP $d BWX $d CDX $d VVC $d GEBAY $d UtOrBLW
041 1  $a eng $h fre
049    $a STAM
050 00 $a P85.C47 $b C4513 2010
130 0  $a Chomsky. $l English.
245 10 $a Chomsky notebook / $c edited by Jean Bricmont + Julie Franck.
264  1 $a New York : $b Columbia University Press, $c [2010]
264  4 $c ©2010.
300    $a vi, 351 p. : $b ill. ; $c 26 cm.
336    $a text $b txt $2 rdacontent.
337    $a unmediated $b n $2 rdamedia.
338    $a volume $b nc $2 rdacarrier.
490 1  $a Columbia themes in philosophy.
500    $a Originally published in French as Chomsky.
546    $a Translated from the French.
505 0  $a The mysteries of nature: how deeply hidden? / Noam Chomsky -- The great soul of power: Said Memorial Lecture / Noam Chomsky -- Chomsky, France, reason, power / Jean Bricmont and Julie Franck -- An interview with Noam Chomsky / Jean Bricmont -- The varying aims of linguistic theory / Cedric Boeckx and Norbert Hornstein -- Language, thought, and reality after Chomsky / Gennaro Chierchia -- Generative syntax in the brain / Yosef Grodzinsky -- Learning organs / Charles R. Gallistel -- Innateness, choice, and language / Elizabeth Spelke -- The scope and limits of Chomsky's naturalism / Pierre Jacob -- Conspiracy: when journalists (and their favorites) misrepresent the critical analysis of the media / Serge Halimi and Arnaud Rindel -- Noam Chomsky and the university / Pierre Guerlain -- The practice of intellectual self-defense in the university / Normand Baillargeon -- Chomsky, Faurisson, and Vidal-Naquet / Jean Bricmont -- Chomsky and Bourdieu: a missed encounter / Frédéric Delorca -- Chomsky in France: the resistance to pragmatic anti-authoritarianism / Larry Portis -- Testimony / Susan George -- Truth, balance, and freedom / Akeel Bilgrami.
504    $a Includes bibliographical references.
600 10 $a Chomsky, Noam $x Philosophy.
600 10 $a Chomsky, Noam $x Political and social views.
600 17 $a Chomsky, Noam. $2 swd.
650  0 $a Linguistics.
650  0 $a World politics $y 1989-
700 1  $a Chomsky, Noam.
700 1  $a Bricmont, J. $q (Jean)
700 1  $a Franck, Julie.
830  0 $a Columbia themes in philosophy.
907    $a .b2044557x $b 150226 $c 100817
998    $a umn $b 101129 $c m $d a   $e - $f eng $g nyu $h 0
918    $a .bckstg $b 2014-10-14

