01099nam a2200313u| 4500
001 GTUb10249503
005 20141116174522.0
008 900410m18321857gw ||||||||| |||| ||ger |
035    $a 90-B12189
040    $a CBGTU $c CBGTU $d UtOrBLW
090    $a BR330 $b .A2 1832
100 1  $a Luther, Martin, $d 1483-1546.
245 10 $a Sämmtliche Werke.
264  1 $a Erlangen, $a Frankfurt a/M : $b Heyder & Zimmer, $c 1832-57.
300    $a 67 v. in 25. ; $c 19 cm.
336    $a text $b txt $2 rdacontent.
337    $a unmediated $b n $2 rdamedia.
338    $a volume $b nc $2 rdacarrier.
500    $a Editors: v.1-20, 24-26, E.L. Ender.--v.21-23, 27-67, J.K. Irmischer.
500    $a First edition began in 1826.
500    $a Binder's title: Luthers Werke Deutsch, 1-67.
590    $a Imprint varies.
650  0 $a Theology $x History $y 16th century.
700 1  $a Enders, Ernst Ludwig, $d 1833-1907.
700 1  $a Irmischer, Johann Conrad, $d 1797-1857.
907    $a .b25293126 $b 160408 $c 110720
998    $a ugt $b        $c m $d a   $e s $f ger $g gw  $h 0
918    $a .bckstg $b 2014-10-14
917    $a Graduate Theological Union Collection

