00586nam a2200157 a 4500
008                                         
100    $a OCLC.
245  0 $a OCLC subscription services - Cataloging, ILL, CONTENTdm, EZproxy - University Library.
246    $a OCLC Cataloging Services 
246    $a ILL -  OCLC.
246    $a CONTENTdm - OCLC.
246    $a EZproxy - OCLC.
246    $a YBP-OCLC Plus Subscription.
590    $a Account no. 01OCLC00008940 through end of 2019?; New Customer ID: 46457 / 2020-02-23 wlu 
907    $a .b25697985 $b 200604 $c 111118
998    $a uts $b        $c - $d -   $e y $f eng $g xxu $h 0

