01478cas a22004097a 4500
001 45456439
003 OCoLC
005 20141115174406.0
008 001201cuuuu9999cauwr n       0   a0eng c
010    $a 00213105
022 1  $a 1532-7469
032    $a 704810 $b USPS
035    $a (OCoLC)45456439
040    $a NSD $c NSD $d EYM $d OCLCQ $d RSSFO $d UtOrBLW
042    $a nsdp $a pcc
049    $a STAP
090    $a HF5068.S16 $b S277
222  0 $a Silicon Valley/San Jose business journal.
245 00 $a Silicon Valley/San Jose business journal.
246 3  $a Silicon Valley San Jose business journal.
264  1 $a San Jose [Calif.] : $b American City Business Journals Inc.
300    $a v.
310    $a Weekly.
336    $a text $b txt $2 rdacontent.
337    $a unmediated $b n $2 rdamedia.
338    $a volume $b nc $2 rdacarrier.
500    $a Description based on: Vol. 18, no. 26 (Oct. 27, 2000).
500    $a Book of Lists received as part of subscription.
530    $a Also issued online.
651  0 $a Santa Clara Valley (Santa Clara County, Calif.) $v Newspapers.
650  0 $a Business $v Newspapers.
776 1  $t Silicon Valley/San Jose business journal (Online) $w (OCoLC)54057430.
780 00 $t Business journal (San Jose, Calif. : 1988) $x 1048-8812 $w (OCoLC)21058456.
785 00 $t Silicon Valley business journal $x 2326-2508 $w (OCoLC)824503876 (Online)
907    $a .b25712020 $b 210326 $c 120118
998    $a upr $b 120118 $c s $d 1   $e y $f eng $g cau $h 0
918    $a .bckstg $b 2014-10-14

