00737nam a2200121 a 4500
008                                         
100    $a American Bar Association, Section of Public Contract Law, Section of Intellectual Property Law, and the ABA Center for Continuing Legal Education.
245  0 $a How to defend patent rights when Uncle Sam is our partner.
260 1  $a ABA Center for Continuing Legal Education, 2007.
590    $a " This publication accompanies the audio program entitled " How to Defend Patent Rights when Uncle Sam Is Your Partner", broadcast on May 25, 2006 ...)
590    $a NO CHARNEY OR LOYOLA SCANNED NOTE; ITEMS AND BIB SUPPRESSED; 7/1/2019;WA.
907    $a .b25879406 $b 230927 $c 120821
998    $a heafe $b        $c - $d -   $e y $f eng $g xxu $h 0

