01549nas a2200409Ia 4500
001 823518930
003 OCoLC
005 20141115180933.0
008 130107c20129999cauwr p       0   a0eng c
022    $a 1532-7489
035    $a (OCoLC)823518930
040    $a SFR $c SCUHF $d SFR $d SCUHF $d UtOrBLW
043    $a n-us-ca
049    $a MAIN
090    $a K2 $b .B873
245 00 $a Silicon Valley business journal.
246 13 $a SVBJ.
264  1 $a San Jose, CA : $b American City Business Journals.
300    $a v. : $b ill. ; $c 38 cm.
310    $a Weekly.
336    $a text $b txt $2 rdacontent.
337    $a unmediated $b n $2 rdamedia.
338    $a volume $b nc $2 rdacarrier.
362 1  $a Began with Vol. 30., no. 40 (Dec. 28, 2012).
530    $a Also issued online.
651  0 $a Santa Clara Valley (Santa Clara County, Calif.) $v Periodicals.
650  0 $a Business enterprises $z California $z Santa Clara County $v Periodicals.
651  0 $a Santa Clara Valley (Santa Clara County, Calif.) $x Commerce $v Periodicals.
651  0 $a Santa Clara Valley (Santa Clara County, Calif.) $x Economic conditions $v Periodicals.
730 0  $t Book of lists (San Jose, Calif. : 1992)
780 00 $t The Business journal $x 1048-8812.
787 1  $t Book of lists (San Jose, Calif. : 1992)
850    $f 0 $g 4 $h 6 $i Current 6 months only.
856 41 $u http://www.bizjournals.com/sanjose/ $z Connect to the Silicon Valley business journal online
907    $a .b25972960 $b 231108 $c 130107
998    $a heafe $a hfol $a hwww $b 130107 $c s $d 1   $e l $f eng $g cau $h 0
918    $a .bckstg $b 2014-10-14

