00920nam a2200289 a 4500
008                                         
100    $a GOBI.
245  0 $a GOBI SERVICES.
246    $a YBP90 charges.
246    $a GOBI API.
246    $a GOBIAPI.
246    $a YBP Metadata Service.
246    $a GOBI Metadata Service.
246    $a GobiExport Plus support.
246    $a GoBeyond.
246    $a OCLC Plus Silver Level support (GOBI)
246    $a Ebook cataloging service.
246    $a E-book cataloging service.
246    $a E-book cataloging svc.
246    $a Catalog record service.
246    $a Gobi GoBeyond.
246    $a Enhanced LC record service.
246    $a DDA MARC Enrichment Service.
590    $a Attached order record will be used to pay technical services charges on YBP subaccount -90.
700    $a YBP.
907    $a .b26034232 $b 200805 $c 130424
998    $a uts $b        $c - $d -   $e y $f eng $g xxu $h 0

