02823cas a2200661 a 4500
001 1756680
003 OCoLC
005 20200518080633.0
008 751101c19469999ii qr p       0   a0eng  
010    $a sa 64000760  $z sn 95021496
016    $a (AMICUS)000000515084
016 7  $a 011751591 $2 Uk
022    $a 0025-2913 $l 0025-2913 $y 0972-1444 $2 z
025    $a PL480:I-D-E-111
035    $a (OCoLC)1756680 $z (OCoLC)4636852 $z (OCoLC)5839979 $z (OCoLC)32195202 $z (OCoLC)896174900 $z (OCoLC)1032837378 $z (OCoLC)1064497325 $z (OCoLC)1100889107 $z (OCoLC)1127528843 $z (OCoLC)1141240666
037    $b Marg Publications, Army and Navy Bldg., Fort, Bombay, India
040    $a DLC $b eng $c MUL $d SUL $d NYG $d MUL $d DLC $d OCL $d NYG $d DLC $d AIP $d OCL $d AIP $d DLC $d NST $d MYG $d CRL $d OCLCQ $d FUG $d CUS $d OCLCQ $d SYS $d ZYU $d OCLCQ $d CUI $d UKMGB $d OCLCQ $d OCLCF $d MYG $d OCLCA $d NLC $d OCLCQ $d RDF $d ZAS $d DCHUA $d CEF $d OCL $d UtOrBLW
042    $a nsdp $a pcc
043    $a a-ii---
049    $a STAP
050 00 $a N1 $b .M46
082 04 $a 700/.5 $2 19
210 0  $a Marg.
222  0 $a Marg.
245 00 $a Mārg = $b Pathway.
246 31 $a Pathway.
264    $a Bombay [India] : $b Marg Publications.
264 21 $3 <Sept. 1999>-June 2010 : $a Mumbai : $b National Centre for the Performing Arts.
264 31 $3 Sept. 2010- : $a Mumbai : $b Marg Foundation.
300    $a volumes : $b illustrations (some color) ; $c 30-33 cm.
310    $a Quarterly.
336    $a text $b txt $2 rdacontent.
337    $a unmediated $b n $2 rdamedia.
338    $a volume $b nc $2 rdacarrier.
362 1  $a Began with: Vol. 1, Oct. 1946.
500    $a "A magazine of the arts."
500    $a Some volumes also have distinctive title.
500    $a Volumes for <Sept. 1999-> lack parallel title.
550    $a Issued by: Modern Architectural Research Group, v. 1-3; Modern Artists and Architects Research Group, v. 4-6, no. 2.
588    $a Description based on: Vol. 9, no. 1 (Dec. 1955); title from caption.
588    $a Latest issue consulted: Vol. 67, no. 2 (Dec. 2015/Mar. 2016).
650  0 $a Art $z India $v Periodicals.
650  0 $a Architecture $z India $v Periodicals.
650  7 $a Architecture. $2 fast $0 (OCoLC)fst00813346.
650  7 $a Art. $2 fast $0 (OCoLC)fst00815177.
651  7 $a India. $2 fast $0 (OCoLC)fst01210276.
655  4 $a Electronic journals.
655  7 $a Periodicals. $2 fast $0 (OCoLC)fst01411641.
710 2  $a Modern Architectural Research Group.
710 2  $a Modern Artists and Architects Research Group.
710 2  $a National Centre for the Performing Arts (India)
710 2  $a Marg Foundation (Mumbai, India)
776 1  $t Mārg̲ (Online) $w (OCoLC)46849348.
776 08 $i Online version: $t Mārg̲ $w (OCoLC)566133325.
907    $a .b2607865x $b 230516 $c 130620
998    $a upr $b 200518 $c s $d 1   $e n $f eng $g ii  $h 0
918    $a .bckstg $b 2016-12-01
919    $a .b $b 2016-12-01

