00894cam a2200277I  4500
001 GTUb14556698
003 OCoLC
005 20141115182823.0
008 720413s1952    enka          000 0 eng d
035    $a (OCoLC)283800
035    $a 283800
040    $a WBU $c WBU $d OCL $d UKM $d OCL $d OCLCQ $d GTX $d UtOrBLW
049    $a GTXA
090    $a BX7747 $b .W752
100 1  $a Wilson, Roger C.
245 10 $a Quaker relief ; $b an account of the relief work of the Society of Friends, 1940-1948.
264  1 $a London : $b Allen & Unwin, $c [1952]
300    $a 373 p. : $b illus. ; $c 22 cm.
336    $a text $b txt $2 rdacontent.
337    $a unmediated $b n $2 rdamedia.
338    $a volume $b nc $2 rdacarrier.
650  0 $a Society of Friends $x Charities.
907    $a .b26153488 $b 160408 $c 130808
998    $a ugt $b        $c m $d a   $e s $f eng $g enk $h 0
918    $a .bckstg $b 2014-10-14
917    $a Graduate Theological Union Collection

