02953cgm a2200661La 4500
001 84007963
003 OCoLC
005 20141115183247.0
007 vf cbahos
008 980625p19961995nyu300 g          vleng d
020    $a 1565016491 (set)
020    $a 9781565016491 (set)
020    $a 1565016505 (v. 1)
020    $a 9781565016507 (v. 1)
020    $a 1565016513 (v. 2)
020    $a 9781565016514 (v. 2)
020    $a 1565016521 (v. 3)
020    $a 9781565016521 (v. 3)
020    $a 156501653X (v. 4)
020    $a 9781565016538 (v. 4)
020    $a 1565016548 (v. 5)
020    $a 9781565016545 (v. 5)
020    $a 1565016556 (v. 6)
020    $a 9781565016552 (v. 6)
028 02 $a AAE-15400 (AAE-15401--AAE-15406)
035    $a (OCoLC)84007963
040    $a SGD $b eng $c V9S $d WAU $d OCLCG $d VA@ $d OCLCQ $d OCLCO $d UtOrBLW
043    $a e-uk-en
049    $a [Media]STAV
099    $a VHS-06020
130 0  $a Pride and prejudice (Television program : 1995)
245 10 $a Jane Austen's Pride and prejudice $h [videorecording] / $c A & E ; BBC Lionheart Television ; screenplay by Andrew Davies ; directed by Simon Langton ; produced by Sue Birtwistle.
246 3  $a Pride and prejudice.
300    $a 6 videocassettes (300 min.) : $b sd., col. ; $c 1/2 in.
336    $a two-dimensional moving image $b tdi $2 rdacontent.
337    $a video $b v $2 rdamedia.
338    $a videocassette $b vf $2 rdacarrier.
508    $a Director, Simon Langton ; producer, Sue Birtwistle ; screenplay, Andrew Davies ; music, Carl Davis.
511 1  $a Colin Firth, Jennifer Ehle, Alison Steadman, Benjamin Whitrow, Susannah Harker, Crispin Bonham-Carter, Anna Chancellor, Julia Sawalha, David Bamber, David Bark-Jones.
520    $a "Pride and prejudice is the story of lively and rebellious Elizabeth Bennet, one of five unmarried daughters living in the countryside of 19th century England. In a world where obtaining an advantageous marriage is a woman's sole occupation, Elizabeth's independent manner threatens her family's future. Will her romantic sparring with the mysterious and arrogant Darcy end in misfortune--or will love's true nature prevail?"--Container.
600 10 $a Austen, Jane, $d 1775-1817 $v Film adaptations.
651  0 $a England $x Social life and customs $y 19th century $v Drama.
650  0 $a Young women $z England $v Drama.
650  0 $a Courtship $z England $v Drama.
655  7 $a Television adaptations. $2 lcgft.
655  7 $a Television mini-series. $2 lcgft.
700 1  $a Collin, Dinah.
700 1  $a Coulson, Peter.
700 1  $a Scott, Gerry.
700 1  $a Kenway, John.
700 1  $a Austen, Jane, $d 1775-1817. $t Pride and prejudice.
710 2  $a Arts and Entertainment Network.
710 2  $a BBC Lionheart Television (Firm)
710 2  $a A & E Home Video (Firm)
907    $a .b26198411 $b 210616 $c 131108
998    $a uvd $b 131108 $c m $d g   $e n $f eng $g nyu $h 0
918    $a .bckstg $b 2014-10-14
919    $a .b $b 2013-06-03

