03873nam a22005051i 4500
001 EBC1633848
003 NhCcYBP
005 20140420103115.5
006 m    |o  d |      
007 cr |n|||||||||
008 140420s2014    ne      ob    001 0 eng d
020    $a 9004264760 (electronic bk.)
020    $a 9789004264762 (electronic bk.)
020    $z 9789004264465 (hardback : alk. paper)
020    $z 9004264469 (hardback : alk. paper)
040    $a NhCcYBP $c NhCcYBP
043    $a a-io---
050  4 $a HD8706 $b .I54 2014
072  7 $a HD $2 lcco
082 04 $a 331.8809598/09042 $2 23
100 1  $a Ingleson, John, $e author.
245 10 $a Workers, unions and politics : $b Indonesia in the 1920s and 1930s / $c by John Ingleson.
264  1 $a Leiden : $b Brill, $c 2014.
300    $a 1 online resource (xvii, 352 pages.)
336    $a text $b txt $2 rdacontent.
337    $a computer $b c $2 rdamedia.
338    $a online resource $b cr $2 rdacarrier.
490 1  $a Brill's Southeast Asian library ; $v volume 2.
533    $a Electronic reproduction. $b Perth, W.A. $n Available via World Wide Web.
588    $a Description based on print version record.
505 00 $a Machine generated contents note:  $t Urban Context --  $t Colonial Views of Urban Workers --  $t State and Social Control --  $t Policing Urban Workers --  $t Workplace Organisation and Discipline --  $t State and Industrial Laws --  $t Idea of a Minimum Wage --  $t Reviewing the' Criminal Code --  $t Political Context --  $t Unions and Politics --  $t Race, Class and Unions --  $t Gender and Unions --  $t Structures --  $t Leaders --  $t Members --  $t Indonesian and European Unions --  $t Railway Workers --  $t Surjopranoto and Public Sector Unions --  $t Post Office Workers --  $t Teachers' Unions --  $t Sarekat Kaum Buruh Indonesia --  $t Political Parties and Labour Unions --  $t Indonesian Study Club and Labour Unions --  $t New Labour Union Federation --  $t Eve of the Depression --  $t Urban Impact --  $t Indonesian Reactions --  $t Indianisation and the Salaries Commission --  $t Unions and the Depression --  $t Pawnshop Workers --  $t 'Workers' Press --  $t Railway Workers --  $t Surabaya and Private Sector Workers --  $t Wild Schools Ordinance --  $t Influence of India --  $t Cooperating Across the Race Divide --  $t Arrests and Mutiny --  $t Public Sector Unions --  $t Labour Unions and Nationalist Politics --  $t Indonesian Workers' Congress --  $t Railway Workers and 'Passive Resistance' --  $t Regrouping --  $t Surabaya --  $t PVPN --  $t Eurasians and Chinese --  $t Indonesian and European Cooperation --  $t Union Protests --  $t Indianisation --  $t Public Sector Unions --  $t Railway Workers --  $t Post, Telephone, Telegraph and Radio Workers --  $t Nurses and Midwives --  $t Teachers' Unions --  $t Creating a Narrative --  $t Workers in the Private Sector --  $t In Search of National Bodies --  $t Idea of a Labour Party --  $t Approach of War --  $t Labour Movement in 1942.
504    $a Includes bibliographical references (pages 339-344) and index.
650  0 $a Labor movement $z Indonesia $x History $y 20th century.
650  0 $a Labor unions $z Indonesia $x History $y 20th century.
650  0 $a Industrial relations $z Indonesia $x History $y 20th century.
651  0 $a Indonesia $x History $y 20th century.
710 2  $a Ebooks Corporation.
776 08 $c Original $z 9789004264465 $z 9004264469 $w (DLC)  2013042781.
787 08 $i Sequel to: $a Ingleson, John. $t In search of justice $d Singapore ; New York : Oxford University Press, 1986 $w (DLC)   86941266 $w (OCoLC)13698181.
830  0 $a Brill's Southeast Asian library ; $v v. 2.
856 40 $u https://ebookcentral.proquest.com/lib/santaclara/detail.action?docID=1633848 $z Connect to this title online (unlimited simultaneous users allowed; 325 uses per year)
907    $a .b26555335 $b 200414 $c 141204
998    $a uww $b        $c m $d z   $e y $f eng $g ne  $h 0
919    $a .ulebk $b 2014-10-15
915    $a YBP DDA - Also in ProQuest Academic Complete

