03531cam a2200589 a 4500
001 72680543
003 OCoLC
005 20160919124544.0
008 070618s2006    nyuab    b    001 0 eng  
010    $a 2007276604
020    $a 1400032059 (pbk.)
020    $a 9781400032051 (pbk.)
035    $a (OCoLC)72680543 $z (OCoLC)71891139 $z (OCoLC)681969008
040    $a DLC $b eng $c DLC $d YDXCP $d BAKER $d GZS $d JTB $d BTCTA $d HPU $d UBA $d F4B $d BON $d DEBBG $d NSB $d OCLCF $d VMI $d UtOrBLW
043    $a n------ $a s------ $a nc-----
049    $a STA
050 00 $a E61 $b .M266 2006
082 04 $a 970.01/1 $2 22
084    $a NF 8580 $2 rvk
100 1  $a Mann, Charles C.
245 10 $a 1491 : $b new revelations of the Americas before Columbus / $c Charles C. Mann.
246 3  $a Fourteen ninety-one.
250    $a First Vintage Books edition.
264  1 $a New York : $b Vintage Books, $c [2006]
300    $a xiii, 541 pages : $b illustrations, maps ; $c 21 cm.
336    $a text $2 rdacontent.
337    $a unmediated $2 rdamedia.
338    $a volume $2 rdacarrier.
500    $a "With  new afterword"--Cover.
504    $a Includes bibliographical references and index.
505 0  $a Holmberg's mistake: View from above -- Numbers from nowhere?: Why Billington survived -- In the land of four quarters -- Frequently asked questions -- Very old bones: Pleistocene wars -- Cotton (or anchovies) and maize (tales of two civilizations, part I) -- Writing, wheels, and bucket brigades (tales of two civilizations, part II) -- Landscape with figures: Made in America -- Amazonia -- Artificial wilderness -- Great law of peace.
520    $a The author shows how a new generation of researchers equipped with novel scientific techniques have come to previously unheard of conclusions about the Americas before the arrival of the Europeans: In 1491 there were probably more people living in the Americas than in Europe. Certain cities such as Tenochtitlan, the Aztec capital, were greater in population than any European city. Tenochtitlan, unlike any capital in Europe at that time, had running water, beautiful botanical gardens, and immaculately clean streets. The earliest cities in the Western Hemisphere were thriving before the Egyptians built the great pyramids. Native Americans transformed their land so completely that Europeans arrived in a hemisphere already massively "landscaped" by human beings. Pre-Columbian Indians in Mexico developed corn by a breeding process that the journal Science recently described as "man's first, and perhaps the greatest, feat of genetic engineering." -- From publisher description.
600 17 $a Colombo, CristÓvÃo, $d 1451-1506. $2 larpcal.
648  7 $a Geschichte Anfänge-1492. $2 swd.
650  0 $a Indians $x Origin.
650  0 $a Indians $x History.
650  0 $a Indians $x Antiquities.
651  0 $a America $x Antiquities.
650  7 $a Descobrimento da américa. $2 larpcal.
650  7 $a História da américa. $2 larpcal.
650  7 $a Índios (história;civilização) $z América. $2 larpcal.
651  7 $a Indianer. $2 swd.
650  7 $a Antiquities. $2 fast $0 (OCoLC)fst00810745.
650  7 $a Indians. $2 fast $0 (OCoLC)fst00969307.
650  7 $a Indians $x Antiquities. $2 fast $0 (OCoLC)fst00969313.
650  7 $a Indians $x Origin. $2 fast $0 (OCoLC)fst00969391.
651  7 $a America. $2 fast $0 (OCoLC)fst01239786.
655  7 $a History. $2 fast $0 (OCoLC)fst01411628.
907    $a .b27717665 $b 220901 $c 150428
998    $a umn $b 150528 $c m $d a   $e - $f eng $g nyu $h 0
918    $a .bckstg $b 2016-08-03
919    $a .pcat $b 2015-05-05

