00755nam a2200145 a 4500
008                                         
100    $a Klapisch, Cédric.
245  0 $a Chinese Puzzle.
505    $a ultempstr Temporary bib record for individual Swank streaming video purchases; this record will be suppressed once we receive Swank's MARC records.
540    $a No public performance rights (PPR) granted at this time. Please email eresources@scu.edu for updates.
740 0  $a Swank streaming video.
856 40 $u https://digitalcampus.swankmp.net/scu314618/watch/04ea32a14c2f4761878b866b3da418e4673961deae1af9f29f952234fd07555a $z View this video online
907    $a .b27760996 $b 210630 $c 150526
998    $a uww $b        $c m $d 2   $e y $f eng $g xxu $h 0
917    $a Swank streaming video

