00682cas a2200229Ma 4500
001 230751655
003 OCoLC
005 20150713041005.0
008 050119c00009999enkar p       0   a0eng d
022    $y 0738-7614
035    $a (OCoLC)230751655
040    $a StSaUL $b eng $c AUD $d OCLCQ $d OCLCO $d OCLCF $d OCLCO
049    $a STAM
245 00 $a Studies in medievalism.
260    $a Cambridge : $b D.S. Brewer, $c 1991-
310    $a Annual.
650  0 $a Middle Ages $v Periodicals.
650  7 $a Middle Ages. $2 fast $0 (OCoLC)fst01020301.
655  7 $a Periodicals. $2 fast $0 (OCoLC)fst01411641.
907    $a .b27832508 $b 150714 $c 150713
998    $a umn $b 150713 $c s $d a   $e y $f eng $g enk $h 0
919    $a .b $b 2015-02-17

