04817cam a2200457 i 4500
001 913477191
003 OCoLC
005 20151225044205.9
008 150708t20152015caua          000 0 eng c
020    $a 9780984782857
020    $a 0984782850
040    $a GO9 $b eng $e rda $c GO9 $d BUF $d YDXCP $d BET $d OSU $d OCLCF $d CGP $d Z35 $d UtOrBLW
042    $a pcc
050  4 $a QA76.6 $b .M34 2015
082 04 $a 005.1023 $2 23
100 1  $a McDowell, Gayle Laakmann, $d 1982- $e author.
245 10 $a Cracking the coding interview : $b 189 programming questions and solutions / $c Gayle Laakmann McDowell, founder and CEO, CareerCup.com.
246 30 $a 189 programming questions and solutions.
246 17 $a CrackingTheCodingInterview.com, 6th edition.
250    $a 6th edition.
264  1 $a Palo Alto, CA : $b CareerCup, LLC, $c [2015]
264  4 $c ©2015.
300    $a x, 696 pages : $b illustrations ; $c 23 cm.
336    $a text $b txt $2 rdacontent.
337    $a unmediated $b n $2 rdamedia.
338    $a volume $b nc $2 rdacarrier.
505 0  $a 1. The interview process. Why? -- How questions are selected -- Timeline and preparation map -- It's all relative -- Frequently asked questions -- 2. Behind the scenes. The Microsoft interview -- The Amazon interview -- The Google interview -- The Apple interview -- The Facebook interview -- The Palantir interview -- 3. Special situations. Experienced candidates -- Testers and SDETs -- Product (and program) management --Dev lead and managers -- Start-ups -- Acquisitions and acquihires -- For interviewers -- 4. Before the interview. Getting the right experience -- Writing a great resume -- Preparation map -- 5. Behavioral questions. Interview preparation grid -- Know your technical projects -- Responding to behavioral questions -- So, tell me about yourself -- 6. Big O. An analogy -- Time complexity -- Space complexity -- Drop the constraints -- Drop the non-dominant terms -- Multi-part algorithms: add vs. multiply -- Amortized time -- Log N runtimes -- Recursive runtimes -- Examples and exercises -- 7. Technical questions. How to prepare -- What you need to know -- Walking through a problem -- Optimize & Solve Technique # 1: Look for BUD -- Optimize & Solve Technique #2: DIY (Do it yourself) -- Optimize & Solve Technique #3: Simplify and generalize -- Optimize & Solve Technique #4: Base case and build -- Optimize & Solve Technique #5: Data structure brainstorm -- Best conceivable runtime (BCR) -- Handling incorrect answers -- When you've heard a question before -- The 'perfect' language for interviews -- What good coding looks like -- Don't give up! -- 8. The offer and beyond. Handling offers and rejection -- Evaluating the offer -- Negotiation -- On the job -- 9. Interview questions. Data structures: Arrays and strings ; Linked lists ; Stacks and queues ; Trees and graphs -- Concepts and algorithms. Bit manipulation ; Math and logic puzzles ; Object-oriented design ; Recursion and dynamic programming ; System design and scalability ; Sorting and searching ; Testing -- Knowledge based. C and C++ ; Java ; Databases ; Threads and locks ; Additional review problems. Moderate ; Hard -- 10. Solutions. Data structures -- Concepts and algorithms -- Knowledge based -- Additional review problems -- 11. Advanced topics. Useful math -- Topological sort -- Dijkstra's Algorithm -- Hash table collision resolution -- Rabin-Karp substring search -- AVL trees -- Red-black trees -- MapReduce -- Additional studying -- 12. Code library. HashMapList <T, E> -- TreeNode (Binary search tree) -- LinkedListNode (Linked list) -- Trie & TrieNode -- 13. Hints. Hints for data structures -- Hints for concepts and algorithms -- Hints for knowledge-based questions -- Hints for assorted review problems -- 14. About the author.
520    $a Now in the 6th edition, the book gives you the interview preparation you need to get the top software developer jobs. This is a deeply technical book and focuses on the software engineering skills to ace your interview. The book includes 189 programming interview questions and answers, as well as other advice.
590    $a In honor of library student employee Varun Srinivasan.
590    $a Three gift copies donated by Eva Simmer.
650  0 $a Computer programming $v Problems, exercises, etc.
650  0 $a Computer programming $x Vocational guidance.
650  0 $a Employment interviewing.
650  7 $a Computer programming. $2 fast $0 (OCoLC)fst00872390.
650  7 $a Computer programming $x Vocational guidance. $2 fast $0 (OCoLC)fst00872409.
650  7 $a Employment interviewing. $2 fast $0 (OCoLC)fst00909369.
655  7 $a Problems and exercises. $2 fast $0 (OCoLC)fst01423783.
907    $a .b28083556 $b 231021 $c 160112
998    $a upp $a umn $b 170110 $c m $d a   $e n $f eng $g cau $h 0
918    $a .bckstg $b 2016-12-01
919    $a .ybpo $b 2015-12-18

