03039cam a2200505 a 4500
001 775418002
003 OCoLC
005 20160919125222.0
008 120319s2012    nyu           000 1 eng  
010    $a 2012011227
020    $a 9780425253106
020    $a 0425253104
035    $a (OCoLC)775418002 $z (OCoLC)811623348 $z (OCoLC)815735780
040    $a DLC $b eng $c DLC $d IG# $d BTCTA $d BDX $d IFK $d OCP $d GO3 $d VP@ $d WIM $d OCLCO $d TOH $d OCLCF $d OCLCQ $d YDXCP $d STA $d UtOrBLW
042    $a pcc
043    $a e-fr---
049    $a STAS
050 00 $a PS3618.O3543 $b P57 2012
082 00 $a 813/.6 $2 23
100 1  $a Rock, Judith.
245 12 $a A plague of lies / $c Judith Rock.
250    $a Berkley trade paperback edition.
264  1 $a New York : $b Berkley Books, $c 2012.
300    $a 350 pages ; $c 21 cm.
336    $a text $b txt $2 rdacontent.
337    $a unmediated $b n $2 rdamedia.
338    $a volume $b nc $2 rdacarrier.
490 1  $a Charles du Luc novel.
520    $a In her historic mysteries The Rhetoric of Death and The Eloquence of Blood, Judith Rock created an atmosphere that "takes you back to fascinating and dangerous seventeenth-century Paris so well that I suspect her of being a time-traveler who's been there" (Ariana Franklin, national bestselling author of A Murderous Procession). Now, the latest novel to feature Charles du Luc finds the ex-soldier-turned-Jesuit caught up in royal intrigue ... Versailles, 1687 Madame de Maintenon is King Louis XIV's second wife. The daughter of a minor noble of ill-repute, she has not forgiven the king's Jesuit confessor for encouraging him to withhold the title of Queen from her. To placate her, the prestigious Louis le Grand Jesuit school has sent a delegation-- including her distant cousin Pere Jouvancy and rhetoric teacher Charles du Luc-- to Versailles with a gift of reliquary. But while the Sun King's palace might be spectacular, this visit is anything but pleasant. Their first night, a courtier dies, and court whispers claim poison. Then the Jesuit delegation falls direly ill, and a palace gardener is found murdered. Fear grips a court already on edge. In the midst of all this, Charles learns that one of his students is in love with the king's rebellious (and betrothed) daughter, and may ruin not only himself, but all of them.
600 00 $a Maintenon, $c Madame de, $d 1635-1719 $v Fiction.
600 17 $a Maintenon, $c Madame de, $d 1635-1719. $2 fast $0 (OCoLC)fst00013582.
648  7 $a 1643 - 1715 $2 fast.
651  0 $a France $x History $y Louis XIV, 1643-1715 $v Fiction.
651  7 $a France. $2 fast $0 (OCoLC)fst01204289.
655  7 $a Historical fiction. $2 lcgft.
655  7 $a Fiction. $2 fast $0 (OCoLC)fst01423787.
655  7 $a Historical fiction. $2 gsafd.
655  7 $a Romantic suspense fiction. $2 gsafd.
740 0  $a Jesuits in fiction collection.
800 1  $a Rock, Judith. $t Charles du Luc novel.
907    $a .b28093021 $b 220802 $c 160201
998    $a usc $b 160201 $c m $d a   $e n $f eng $g nyu $h 2
918    $a .bckstg $b 2016-08-03
919    $a .b $b 2015-10-20
921    $a Jesuit

