02195cas a2200565 a 4500
001 29261479
003 OCoLC
005 20160919125240.0
007 hd afb---baca
008 931106c||||9999|||||         |    0||| d
010    $a sf 96090232  $z sn 94033645
022    $a 1072-7825 $l 1072-7825 $y 0276-9077
035    $a (OCoLC)29261479 $z (OCoLC)29368074
037    $b Atlantic Subscription Processing Center, Box 52661, Boulder, CO 80322
040    $a RVE $b eng $c RVE $d OCL $d IUL $d DLC $d OCLCQ $d NSD $d NHM $d OCLCQ $d OCLCF $d OCLCO $d STA $d UtOrBLW
042    $a pcc
049    $a STAM
090    $a AP2 $b .A8
130 0  $a Atlantic monthly (Boston, Mass. : 1993)
210 0  $a Atl. mon. $b (1993)
222  4 $a The Atlantic monthly $b (1993)
245 14 $a The Atlantic monthly $h [microform].
246 1  $i Some issues have cover title: $a Atlantic.
264  1 $a Boston, MA : $b Atlantic Monthly Co., $c [1993-]
264  4 $c ©1993-
300    $a v. : $b ill. ; $c 28 cm.
310    $a Monthly (with combined issues for Jan./Feb. and July/Aug.), $b 2003-
321    $a Monthly, $b 1993-2000.
321    $a Monthly (with a combined issue for July/Aug.), $b 2001-2002.
336    $a text $2 rdacontent.
337    $a microform $2 rdamedia.
338    $a microfilm reel $2 rdacarrier.
362 0  $a Vol. 272, no. 5 (Nov. 1993)-
500    $a Title from masthead.
533    $a Microfilm. $b Ann Arbor, Mich. : $c University Microfilms International. $e microfilm reels ; 35 mm.
650  0 $a American literature $v Periodicals.
650  0 $a Books $v Reviews $v Periodicals.
650  0 $a American essays $v Periodicals.
650  7 $a American essays. $2 fast $0 (OCoLC)fst00807040.
650  7 $a American literature. $2 fast $0 (OCoLC)fst00807113.
650  7 $a Books. $2 fast $0 (OCoLC)fst00836401.
655  7 $a Periodicals. $2 fast $0 (OCoLC)fst01411641.
655  7 $a Reviews. $2 fast $0 (OCoLC)fst01423760.
776 1  $c Original $w (DLC)   93642583 $w (OCoLC)29046351.
780 00 $t Atlantic (Boston, Mass. : 1981) $x 0276-9077 $w (DLC)sf 98094160 $w (OCoLC)7586105.
850    $a DLC $a InU.
907    $a .b28242233 $b 220802 $c 160216
998    $a umi $b 160216 $c s $d a   $e n $f eng $g xxu $h 4
918    $a .bckstg $b 2016-08-03
919    $a .b $b 2015-10-20

