02173cas a2200553 a 4500
001 7586105
003 OCoLC
005 20160919125254.0
007 hd afb---baca
008 810715t19811981|||||         |    0||| d
010    $a sf 98094160  $z sn 82003124
022 0  $a 0276-9077 $l 0276-9077
035    $a (OCoLC)7586105
037    $b Atlantic Subscription Processing Center, Box 2547, Boulder, CO 80322
040    $a VWR $b eng $c VWR $d DLC $d NST $d IUL $d DLC $d NST $d HUL $d NST $d IUL $d DLC $d OCLCQ $d BOS $d NHM $d OCLCQ $d OCLCF $d OCLCO $d STA $d UtOrBLW
042    $a pcc
049    $a STAM
082 04 $a 051
090    $a AP2 $b .A8
130 0  $a Atlantic (Boston, Mass. : 1981)
210 0  $a Atlantic $b (Boston, Mass. : 1981)
222  4 $a The Atlantic $b (Boston, Mass. : 1981)
245 14 $a The Atlantic $h [microform].
264  1 $a Boston, Mass. : $b Atlantic Monthly Co., $c [1981-1993]
264  4 $c ©1981-1993.
300    $a 26 v. : $b ill. ; $c 28 cm.
310    $a Monthly.
336    $a text $2 rdacontent.
337    $a microform $2 rdamedia.
338    $a microfilm reel $2 rdacarrier.
362 0  $a [Vol. 247, no. 4] (Apr. 1981)-v. 272, no. 4 (Oct. 1993).
500    $a Title from cover.
533    $a Microfilm. $b Ann Arbor, Mich. : $c University Microfilms. $e microfilm reels ; 35 mm.
650  0 $a American literature $v Periodicals.
650  0 $a Books $v Reviews $v Periodicals.
650  0 $a American essays $v Periodicals.
650  7 $a American essays. $2 fast $0 (OCoLC)fst00807040.
650  7 $a American literature. $2 fast $0 (OCoLC)fst00807113.
650  7 $a Books. $2 fast $0 (OCoLC)fst00836401.
655  7 $a Periodicals. $2 fast $0 (OCoLC)fst01411641.
655  7 $a Reviews. $2 fast $0 (OCoLC)fst01423760.
776 1  $c Original $w (DLC)   82644383 $w (OCoLC)7320717.
780 00 $t Atlantic monthly $x 0004-6795 $w (DLC)sf 98094159 $w (OCoLC)3880391.
785 00 $t Atlantic monthly (Boston, Mass. : 1993) $x 1072-7825 $w (DLC)sf 96090232 $w (OCoLC)29261479.
850    $a AU $a AzU $a CoU $a DLC $a IC $a In $a InU $a KMK $a MH-KG $a MnU $a MoSU $a NN $a NhU $a TU $a ViBlbV.
907    $a .b28250114 $b 220802 $c 160309
998    $a umi $b 160309 $c s $d a   $e n $f eng $g xxu $h 4
918    $a .bckstg $b 2016-08-03
919    $a .b $b 2016-02-22

