01894cas a2200469 a 4500
001 3880391
003 OCoLC
005 20160919125254.0
007 hd afb---baca
008 780509c||||9999|||||         |    0||| d
010    $a sf 98094159  $z sn 82003134
022    $a 0004-6795 $l 0004-6795
035    $a (OCoLC)3880391 $z (OCoLC)16927518 $z (OCoLC)29367927 $z (OCoLC)41235883
040    $a OKO $b eng $c OKO $d PIT $d DLC $d IUL $d DLC $d NST $d OCL $d NST $d OCL $d DLC $d OCLCQ $d NHM $d OCLCQ $d OCLCF $d OCLCO $d STA $d UtOrBLW
042    $a pcc
049    $a STAM
090    $a AP2 $b .A8
245 00 $a Atlantic monthly $h [microform].
264  1 $a Boston : $b Atlantic Monthly Co.
300    $a volumes : $b illustrations ; $c 24-29 cm.
310    $a Monthly.
336    $a text $b txt $2 rdacontent.
337    $a microform $b h $2 rdamedia.
338    $a microfilm reel $b hd $2 rdacarrier.
362 0  $a v. 228-247, no. 3; July 1971-Mar. 1981.
533    $a Microfilm. $b Ann Arbor, Mich. : $c University Microfilms. $e microfilm reels ; 35 mm.
650  0 $a American literature $v Periodicals.
650  0 $a Books $v Reviews $v Periodicals.
650  0 $a American essays $v Periodicals.
650  7 $a American essays. $2 fast $0 (OCoLC)fst00807040.
650  7 $a American literature. $2 fast $0 (OCoLC)fst00807113.
650  7 $a Books. $2 fast $0 (OCoLC)fst00836401.
655  7 $a Periodicals. $2 fast $0 (OCoLC)fst01411641.
655  7 $a Reviews. $2 fast $0 (OCoLC)fst01423760.
776 08 $i Print version: $t Atlantic monthly (Boston, Mass. : 1971) $x 0004-6795 $w (DLC)   80642312 $w (OCoLC)2445096.
780 00 $t Atlantic $x 0160-6506 $w (DLC)sf 98094158 $w (OCoLC)3880409.
785 00 $t Atlantic (Boston, Mass. : 1981) $x 0276-9077 $w (DLC)sf 98094160 $w (OCoLC)7586105.
850    $a AU $a AzU $a DLC $a IC $a In $a MoSU $a ViBlbV.
907    $a .b28250126 $b 220802 $c 160309
998    $a umi $b 160309 $c s $d a   $e n $f eng $g xxu $h 0
918    $a .bckstg $b 2016-08-03
919    $a .b $b 2016-02-22

