01458cas a2200397 a 4500
001 3880409
003 OCoLC
005 20160919125254.0
007 hd afb---baca
008 780509c||||9999|||||         |    0||| d
010    $a sf 98094158  $z sn 82003129
022    $a 0160-6506 $l 0160-6506
035    $a (OCoLC)3880409 $z (OCoLC)29367866
040    $a OKO $b eng $c OKO $d PIT $d DLC $d IUL $d DLC $d NST $d DLC $d OCLCQ $d DLC $d OCLCQ $d GBT $d KTP $d OCLCO $d OCLCF $d OCLCO $d STA $d UtOrBLW
042    $a pcc
049    $a STAM
090    $a AP2 $b .A8
245 04 $a The Atlantic $h [microform].
264  1 $a Boston : $b Atlantic Monthly Co.
300    $a 78 v. : $b ill. ; $c 29 cm.
336    $a text $2 rdacontent.
337    $a microform $2 rdamedia.
338    $a microfilm reel $2 rdacarrier.
362 0  $a v. 150-227; July 1932-June 1971.
533    $a Microfilm. $b Ann Arbor, Mich. : $c University Microfilms. $e microfilm reels ; 35 mm.
650  0 $a World politics $v Periodicals.
650  7 $a World politics. $2 fast $0 (OCoLC)fst01181381.
655  7 $a Periodicals. $2 fast $0 (OCoLC)fst01411641.
776 0  $t Atlantic $c (1933) $x 0160-6506 $w (OCoLC)1580813.
780 00 $t Atlantic monthly $c (1857) $w (DLC)sf 98094157 $w (OCoLC)3880400.
785 00 $t Atlantic monthly $c (1971) $w (DLC)sf 98094159 $w (OCoLC)3880391.
850    $a DLC $a IC $a In $a MoSU $a ViBlbV.
907    $a .b28250138 $b 220802 $c 160309
998    $a umi $b 160309 $c s $d a   $e n $f eng $g xxu $h 4
918    $a .bckstg $b 2016-08-03
919    $a .b $b 2016-02-22

