05437cgm a2200985Ii 4500
001 swa888180172
005 20160923061018.0
006 m     o  c        
007 cr cna||||||||
007 vz czazuu
008 140821p20111995cau123        o   vleng d
035    $a (OCoLC)888180172
040    $a ZAD $b eng $e rda $c ZAD $d ZAD $d OCLCF $d OCL $d OCLCO $d MOSMP $d OCLCO $d OCLCA $d MOSMP $d OCLCO $d OCLCA
049    $a ALVA
050  4 $a PN1997.2
082 04 $a 791.43/72 $2 23
130 0  $a Othello (Motion picture : 1995)
245 10 $a Othello / $c Warner Bros. Pictures ; Castle Rock Entertainment presents ; a Dakota Films/Imminent Films production ; directed by Oliver Parker ; adapted for the screen by Oliver Parker, from the play by William Shakespeare ; produced by Luc Roeg and David Barron ; released by Columbia Pictures.
264  1 $a [Burbank, CA] : $b Castle Rock Entertainment : $b Warner Bros., $c 1995.
264  2 $a St. Louis, Missouri : $b Swank Motion Pictures, Inc. $c [2011?]
300    $a 1 online resource (1 video file, 123 min.) : $b sound, color.
336    $a two-dimensional moving image $2 rdacontent.
337    $a computer $2 rdamedia.
338    $a online resource $2 rdacarrier.
380    $a Motion picture.
508    $a Director of photography, David Johnson ; production designer, Tim Harvey ; film editor, Tony Lawson ; music composed by Charlie Mole ; costumes designed by Caroline Harris.
511 1  $a Laurence Fishburne (Othello), Irene Jacob (Desdemona), Kenneth Branagh (Iago), Nathaniel Parker (Cassio), Michael Maloney (Roderigo), Anna Patrick (Emilia), Nicholas Farrell (Montano), Indra Ove (Bianca), Michael Sheen (Lodovico), Andre Oumansky (Gratiano), Philip Locke (1st senator), John Savident (2nd senator), Gabriele Ferzetti (Duke of Venice), Pierre Vaneck (Brabantio).
518    $a Originally produced as a motion picture in 1995.
520    $a In Venice during 1570, Desdemona, daughter of a powerful nobleman, elopes with Othello, a proud Moor celebrated as the city's most awesome warrior. Iago, who has served alongside Othello for a decade, is angered when the general chooses another lieutenant, Cassio, as his second in command. In retribution, Iago sabotages Cassio's promotion and convinces Othello that the handsome officer is cuckolding him. Othello writhes under the tortures Iago has created, and in a fit of jealousy smothers Desdemona, who caresses her beloved husband as she dies.
521 8  $a MPAA Rating: Rated R for some sexuality.
540    $a No public performance rights (PPR) granted at this time. Please email eresources@scu.edu for updates.License start & end dates: 2023-03-31 to 2024-03-31.
600 10 $a Shakespeare, William, $d 1564-1616 $v Film adaptations.
600 17 $a Shakespeare, William, $d 1564-1616. $2 fast $0 (OCoLC)fst00029048.
600  0 $a Othello $c (Fictitious character from Shakespeare) $v Drama.
650  0 $a Desdemona (Fictitious character) $v Drama.
650  0 $a Jealousy $v Drama.
650  0 $a Betrayal $v Drama.
650  0 $a Man-woman relationships $v Drama.
650  0 $a Truthfulness and falsehood $v Drama.
650  0 $a English drama (Tragedy)
651  0 $a Venice (Italy) $v Drama.
650  7 $a Betrayal. $2 fast $0 (OCoLC)fst00830942.
650  7 $a Desdemona (Fictitious character) $2 fast $0 (OCoLC)fst00891136.
650  7 $a English drama (Tragedy) $2 fast $0 (OCoLC)fst00910801.
650  7 $a Jealousy. $2 fast $0 (OCoLC)fst00982225.
650  7 $a Man-woman relationships. $2 fast $0 (OCoLC)fst01007080.
650  7 $a Othello (Fictitious character) $2 fast $0 (OCoLC)fst01048901.
650  7 $a Truthfulness and falsehood. $2 fast $0 (OCoLC)fst01158255.
651  7 $a Italy $z Venice. $2 fast $0 (OCoLC)fst01204473.
655  7 $a Feature films. $2 fast $0 (OCoLC)fst01710384.
655  7 $a Feature films. $2 lcgft.
655  7 $a Drama. $2 fast $0 (OCoLC)fst01423879.
655  7 $a Film adaptations. $2 fast $0 (OCoLC)fst01710491.
700 1  $a Parker, Oliver. $4 adp $4 drt.
700 1  $a Mole, Charlie. $4 cmp.
700 1  $a Roeg, Luc. $4 pro.
700 1  $a Barron, David $c (Film producer) $4 pro.
700 1  $a Fishburne, Laurence, $c III, $d 1961- $4 act.
700 1  $a Jacob, Irène. $4 act.
700 1  $a Branagh, Kenneth. $4 act.
700 1  $a Parker, Nathaniel, $d 1962- $4 act.
700 1  $a Maloney, Michael, $d 1957- $4 act.
700 1  $a Patrick, Anna, $d 1962- $4 act.
700 1  $a Farrell, Nicholas. $4 act.
700 1  $a Ové, Indra. $4 act.
700 1  $a Sheen, Michael. $4 act.
700 1  $a Oumansky, André. $4 act.
700 1  $a Locke, Philip, $d 1928-2004. $4 act.
700 1  $a Savident, John, $d 1938- $4 act.
700 1  $a Ferzetti, Gabriele, $d 1925-2015. $4 act.
700 1  $a Vaneck, Pierre, $d 1931-2010. $4 act.
700 1  $a Shakespeare, William, $d 1564-1616. $t Othello.
710 2  $a Warner Bros. Pictures (1969- )
710 2  $a Castle Rock Entertainment (Firm)
710 2  $a Dakota Films (Firm)
710 2  $a Imminent Films (Firm)
710 2  $a Columbia Pictures.
710 2  $a Swank Motion Pictures, Inc.
710 2  $a Warner Bros.
740 0  $a Swank streaming video.
856 40 $u https://login.libproxy.scu.edu/login?url=https://digitalcampus.swankmp.net/scu314618/watch/34db6a2f67a9b6bfe810718df89f433950492db521909b04ebf9c0e1f828fb82 $z View this video online (Access ends March 31, 2024)
907    $a .b30517096 $b 230329 $c 170321
998    $a uww $b        $c m $d 2   $e l $f eng $g cau $h 0
917    $a Swank streaming video
919    $a .ulebk $b 2017-02-14

