00357nam a2200109 a 4500
008                                         
099    $a Law Course Chinese Trade & Investment
100    $a Chow, Daniel.
245  0 $a Doing Business in China 1st ed. (2012)
260 1  $a American Casebook Series.
907    $a .b30866583 $b 230807 $c 170724
998    $a heafe $b        $c - $d -   $e n $f eng $g xxu $h 0

