01955ngm a2200469uu 4500
001 swa0037641
003 SMPINC
005 20180328203230.0
006 m|||||o||c||||||||
007 cr |n|---||||a
007 vz |za|z|
008 170810s2012       |||        o   v|    |
049    $a STAW
245 00 $a Frances Ha / $c IFC Films.
264  2 $a [Place of distribution not identified] : $b IFC Films $c 2012.
300    $a 1 online resource (streaming video file) (1 online resource(1 video file(86 )) min.) $b sound, color.
336    $a two-dimensional moving image $b tdi $2 rdacontent.
337    $a computer $b c $2 rdamedia.
337    $a video $b v $2 rdamedia.
338    $a online resource $b r $2 rdacarrier.
338    $a other $b vz $2 rdacarrier.
500    $a Downloadable video file.
508    $a Directed by, Noah Baumbach.
511 1  $a Greta Gerwig, Mickey Sumner, Charlotte d'Amboise, Adam Driver, Grace Gummer.
520    $a A twentysomething woman deals with life in NYC, romantic troubles and a failed friendship.
521 8  $a MPAA Rating: R.
538    $a Mode of access: World Wide Web.
538    $a Streaming Video.
540    $a No public performance rights (PPR) granted at this time. Please email eresources@scu.edu for updates. License start & end dates: 2022-04-01 to 2023-03-31.
700 1  $a Gerwig, Greta, $e actor.
700 1  $a Sumner, Mickey, $e actor.
700 1  $a d'Amboise, Charlotte, $e actor.
700 1  $a Driver, Adam, $e actor.
700 1  $a Gummer, Grace, $e actor.
700 1  $a Baumbach, Noah, $e film director.
710 2  $a IFC Films.
740 0  $a Swank streaming video.
856 40 $u https://login.libproxy.scu.edu/login?url=https://digitalcampus.swankmp.net/scu314618/watch/7C08D53B2F545B2A?referrer=details $z View this video online (Access ends March 31, 2023)
907    $a .b31459018 $b 230331 $c 180328
998    $a uww $b        $c s $d 2   $e y $f eng $g xxu $h 0
917    $a Swank streaming video
919    $a .ulebk $b 2017-02-14

