00572nam a2200169 a 4500
008                                         
245  0 $a JOURNAL OF COMMUNICATION BUNDLE.
246    $a COMMUNICATION BUNDLE.
246    $a OUP COMMUNICATION BUNDLE.
246    $a OXFORD JOURNALS.
246    $a JOURNAL OF COMMUNICATION.
246    $a HUMAN COMMUNICATION RESEARCH.
246    $a COMMUNICATION THEORY.
246    $a COMMUNICATION, CULTURE & CRITUQUE.
590    $a This bundle include 4 titles listed above,
907    $a .b31521927 $b 200305 $c 180424
998    $a uww $b        $c s $d 1   $e y $f eng $g xxu $h 0

