01044nam a2200217 a 4500
008                                         
100    $a Association for Information Systems.
245  0 $a Association for Information Systems eLibrary -  membership.
246    $a Association for Information Systems membership.
246    $a AIS membership.
246    $a AIS Conference Proceedings.
246    $a AIS Transactions on Human-Computer Interaction.
246    $a Business & Information Systems Engineering BISE.
246    $a Communications of the Association for Information Systems.
246    $a JITTA - Journal of Information Technology Theory and Application JITTA.
246    $a Journal of the Association for Information Systems.
246    $a Pacific Asia Journal of the Association for Information Systems.
246    $a Revista Latinoamericana y del Caribe de la Associacion de Sistemas de Informacion.
246    $a Scandinavian Journal of Information Systems.
907    $a .b31652487 $b 181119 $c 180606
998    $a uww $b        $c s $d 1   $e y $f eng $g xxu $h 0

