01023nam a2200193 a 4500
008                                         
099    $a PP-Buckley
100    $a Buckley, Michael J.
245  0 $a Michael J. Buckley, S.J. papers.
300    $a Extent: 69.84 linear feet (69 record cartons, 2 archives boxes)
541    $a Collection donated by Michael J. Buckley, S.J. in September 2014. A second accretion of 15 boxes arrived in Oct. 2017.
590    $a Permission to copy or publish any portions of Archives materials must be given by University Archives.
590    $a Description: Seventy-one (71) boxes of course materials, published articles, correspondence and research files from Buckley's career as a Professor of Theology at Santa Clara University and various other academic institutions.
590    $a Accession number: 2014.09.16.
590    $a Papers received 2017.
590    $a Unprocessed collection.
650    $a Buckley, Michael J.
907    $a .b31747346 $b 220322 $c 180823
998    $a usc $b        $c - $d p   $e n $f eng $g xxu $h 0

