02097ngm a2200457uu 4500
001 swa0058198
003 SMPINC
005 20181109190538.0
006 m|||||o||c||||||||
007 cr |n|---||||a
007 vz |za|z|
008 170810s2018       |||        o   v|    |
245 00 $a Won't You Be My Neighbor? / $c Focus Features.
264  2 $a [Place of distribution not identified] : $b Focus Features $c 2018.
300    $a 1 online resource (streaming video file) (1 online resource(1 video file(94 )) min.) $b sound, color.
336    $a two-dimensional moving image $b tdi $2 rdacontent.
337    $a computer $b c $2 rdamedia.
337    $a video $b v $2 rdamedia.
338    $a online resource $b r $2 rdacarrier.
338    $a other $b vz $2 rdacarrier.
500    $a Downloadable video file.
508    $a Directed by, Morgan Neville.
511 1  $a Fred Rogers, Francois Clemmons, Yo-Yo Ma, Joe Negri, Kailyn Davis.
520    $a This documentary paints a portrait of the life and work of children's entertainer Fred Rogers, star of ́ђجMister Rogers' Neighborhood.́ђح A former minister, Mister Rogers creatively communicated themes of empathy and acceptance.
521 8  $a MPAA Rating: PG-13.
538    $a Mode of access: World Wide Web.
538    $a Streaming Video.
540    $a No public performance rights (PPR) granted at this time. Please email eresources@scu.edu for updates. License start & end dates: 2021-09-01 to 2024-08-31.
700 1  $a Rogers, Fred, $e actor.
700 1  $a Clemmons, Francois, $e actor.
700 1  $a Ma, Yo-Yo, $e actor.
700 1  $a Negri, Joe, $e actor.
700 1  $a Davis, Kailyn, $e actor.
700 1  $a Neville, Morgan, $e film director.
710 2  $a Focus Features.
740 0  $a Swank streaming video.
856 40 $u https://login.libproxy.scu.edu/login?url=https://digitalcampus.swankmp.net/scu314618/watch/5E5D98647AD5EDAC?referrer=direct $z View this video online (Access ends on August 31, 2024)
907    $a .b31809716 $b 211007 $c 181109
998    $a uww $b        $c m $d 2   $e l $f eng $g xxu $h 0
917    $a Swank streaming video
919    $a .ulebk $b 2017-02-14

