00650cas a2200181Ka 4500
001 874760038
008                                         
245  0 $a Archaeological and ethnological papers of the Peabody Museum.
260 1  $a Cambridge, Mass. : The Museum, 1888-1901.
300    $a 2 volumes : illustrations (some color) ; 24 cm.
300    $a Irregular.
300    $a text txt rdacontent.
300    $a computer c rdamedia.
300    $a online resource cr rdacarrier.
300    $a Vol. 1, no. 1-v. 2.
700    $a Peabody Museum of American Archaeology and Ethnology.
907    $a .b32040313 $b 220802 $c 181203
998    $a usc $b        $c s $d 1   $e n $f eng $g mau $h 0

