01610nam a22004211i 4500
001 ebc5523422
003 NhCcYBP
005 20181209101753.2
006 m    |o  d |      
007 cr |n|||||||||
008 181209s2018    enk     o     000 j eng d
020    $a 9781910695548 (electronic bk.)
020    $a 1910695548 (electronic bk.)
020    $z 9781910695531
020    $z 191069553X
040    $a NhCcYBP $c NhCcYBP
041 1  $a eng $h nor
050  4 $a PT8951.16.O73 $b A6 2018
082 04 $a 839.82/374 $2 23
100 1  $a Fosse, Jon, $d 1959- $e author.
240 10 $a Short stories. $k Selections $l English.
245 10 $a Scenes from a childhood / $c Jon Fosse ; translated and selected by Damion Searls.
264  1 $a London : $b Fitzcarraldo Editions, $c 2018.
300    $a 1 online resource (153 pages.)
336    $a text $b txt $2 rdacontent.
337    $a computer $b c $2 rdamedia.
338    $a online resource $b cr $2 rdacarrier.
533    $a Electronic reproduction. $b Ann Arbor, MI $n Available via World Wide Web.
546    $a Translated from the Norwegian.
588    $a Description based on print version record.
650  0 $a Short stories, Norwegian $v Translations into English.
710 2  $a ProQuest (Firm)
776 08 $c Original $z 9781910695531 $z 191069553X $w (DLC)  2018411521.
856 40 $u https://ebookcentral.proquest.com/lib/santaclara/detail.action?docID=5523422 $z Connect to this title online (unlimited simultaneous users allowed; 325 uses per year)
907    $a .b32043764 $b 231006 $c 181210
998    $a uww $b        $c m $d z   $e l $f eng $g enk $h 0
917    $a YBP DDA
919    $a .ulebk $b 2017-02-14

