00634cas a2200217Mi 4500
001 639953920
003 OCoLC
005 20190123095540.0
008 050330cuuuu9999enkuu         0    0eng d
016 7  $a 009228571 $2 Uk
035    $a (OCoLC)639953920
040    $a UWW $b eng $c UWW $d UKMGB $d OCLCQ
049    $a STAM
245 00 $a Routledge studies in twentieth century philosophy.
260    $a London ; $a New York : $b Routledge.
336    $a text $b txt $2 rdacontent.
337    $a unmediated $b n $2 rdamedia.
338    $a volume $2 rdacarrier.
907    $a .b32081364 $b 190123 $c 190123
998    $a umn $b 190123 $c s $d a   $e y $f eng $g enk $h 0
919    $a .b $b 2016-12-01

