01022nam a2200265 a 4500
008                                         
099    $a SOC00056
100 1  $a Burkett, Brittany.
245 10 $a Unnecessary roughness : $b the analysis of youth violence $h [thesis] / $c by Brittany Burkett.
264  1 $a Santa Clara : $b Santa Clara University, $c 2012.
300    $a 31 leaves : $b illustrations ; $c 28 cm.
336    $a text $b txt $2 rdacontent.
337    $a unmediated $b n $2 rdamedia.
338    $a volume $b nc $2 rdacarrier.
490 1  $a Sociology research capstone paper.
502    $a Thesis (B.S.) -- Santa Clara University, Department of Sociology.
504    $a Includes bibliographical references.
690    $a Senior thesis $x Santa Clara University $x Department of Sociology.
690    $a Sociology.
740 0  $a SCU senior theses collection.
830  0 $a Sociology research capstone paper.
907    $a .b33356841 $b 220802 $c 190909
998    $a ust $b        $c m $d t   $e n $f eng $g cau $h 0
921    $a Santa Clara
917    $a local record

