03086ngm a2200565 i 4500
001 kan6991315
003 CaSfKAN
005 20191014053841.0
006 m     o  c        
007 cr una---unuuu
007 vz uzazuu
008 191014p20192012cau116        o   vleng d
028 52 $a 6991315 $b Kanopy
040    $a CaSfKAN $b eng $e rda $c CaSfKAN
245 00 $a American Autumn.
264  1 $b Media Education Foundation, $c 2012.
264  1 $a [San Francisco, California, USA] : $b Kanopy Streaming, $c 2019.
300    $a 1 online resource (2 streaming video files) (116 minutes): $b digital, .flv file, sound.
336    $a two-dimensional moving image $b tdi $2 rdacontent.
337    $a computer $b c $2 rdamedia.
338    $a online resource $b cr $2 rdacarrier.
344    $a digital.
347    $a video file $b MPEG-4 $b Flash.
500    $a Title from title frames.
500    $a Film.
500    $a In Process Record.
518    $a Originally produced by Media Education Foundation in 2012.
520    $a In this gripping first-hand account of the Occupy Wall Street movement, filmmaker and former high school teacher Dennis Trainor Jr. takes an inside look at how a New York-based protest against corporate greed and economic inequality in the autumn of 2011 sparked a full-scale street revolution that continues to send shock waves through the American political system. Trainor weaves commentary from organizers, activists, and leading progressive thinkers with riveting street-level dispatches from New York's Zuccotti Park, Washington DC, and beyond. The result is a passionate and clear-eyed look at a movement founded on the core belief that the American political and economic system should "place human need above corporate greed" and do something about growing inequality. Narrated by Trainor, the documentary features filmmaker Michael Moore, Dr. Cornel West (Princeton University), comic/author/activist Lee Camp, journalists Nathan Schneider (Harper's, The Nation), Naomi Klein (The Nation) and more.
538    $a Mode of access: World Wide Web.
546    $a In English.
540    $a Public performance rights (PPR) may be available for SCU authorized use only. Please email eresources@scu.edu for details. License start & end dates: 2021-09-17 to 2022-09-16.
650  0 $a Social action.
650  0 $a Current affairs.
650  0 $a Mass media and culture.
650  0 $a Mass media.
650  0 $a Americans.
650  0 $a Political science.
650  0 $a Documentary films.
655  7 $a Documentary films. $2 lcgft.
700 1  $a Russo, AJ, $e film director.
700 1  $a Trainor, Dennis, $e film director.
700 1  $a Kimble, Peggy, $e film director.
710 2  $a Media Education Foundation (Firm), $4 dst.
710 2  $a Kanopy (Firm), $4 dst.
740 0  $a Kanopy streaming video.
856 40 $u https://santaclarau.kanopy.com/node/5991316 $z View this video online (Access ends September 16, 2022)
907    $a .b35663728 $b 220919 $c 191015
998    $a uww $b        $c m $d 2   $e y $f eng $g cau $h 0
919    $a .ulebk $b 2020-05-26
917    $a Kanopy streaming video

