01812cas a2200493 i 4500
001 934641958
003 OCoLC
005 20220114091805.0
008 160113c20169999caufr p       |   a0eng  
010    $a 2016200021
022 0  $a 2470-3443 $2 1
035    $a (OCoLC)934641958
037    $b Foglifter Press, 267 Divisadero St., San Francisco, CA 94117
040    $a DLC $b eng $e rda $c DLC $d COO $d OCLCO $d OCLCF $d DLC $d UtOrBLW
042    $a pcc $a nsdp
049    $a STAP
050 00 $a PS536.3 $b .F64
082 10 $a 810 $2 23
130 0  $a Foglifter (San Francisco, Calif.)
222  0 $a Foglifter.
245 10 $a Foglifter.
264  1 $a San Francisco, California : $b Foglifter Press.
310    $a Twice yearly.
336    $a text $b txt $2 rdacontent.
337    $a unmediated $b n $2 rdamedia.
338    $a volume $b nc $2 rdacarrier.
362 1  $a Began with: Volume 1, Issue 1 (2016).
588    $a Description based on: Volume 1, Issue 2 (2016); title from title page.
588    $a Latest issue consulted: Volume 2, Issue 2 (2017).
648  7 $a 2000-2099 $2 fast.
650  0 $a American literature $y 21st century $v Periodicals.
650  0 $a Gays' writings, American $v Periodicals.
650  0 $a Lesbians' writings, American $v Periodicals.
650  0 $a Sexual minorities' writings, American $v Periodicals.
650  7 $a American literature. $2 fast $0 (OCoLC)fst00807113.
650  7 $a Gays' writings, American. $2 fast $0 (OCoLC)fst00939314.
650  7 $a Lesbians' writings, American. $2 fast $0 (OCoLC)fst00996595.
650  7 $a Sexual minorities' writings, American. $2 fast $0 (OCoLC)fst01746298.
655  7 $a Periodicals. $2 fast $0 (OCoLC)fst01411641.
850    $a DLC.
907    $a .b36801732 $b 230502 $c 200929
998    $a upr $b 200929 $c s $d 1   $e n $f eng $g cau $h 0
918    $a .bckstg $b 2016-12-01
919    $a .b $b 2020-05-26

