00392nam a2200109 a 4500
008                                         
099    $a Law Course Critical Lawyering Skills
100    $a Hamilton, Neil.
245  0 $a Roadmap: The Law Student's Guide to Meaningful Employment (2nd ed. 2018)
260 1  $a American Bar Association.
907    $a .b38099305 $b 220728 $c 210815
998    $a heafe $b        $c - $d -   $e n $f eng $g xxu $h 0

