05096cgm a2200865Ma 4500
001 707965351
003 OCoLC
005 20210910011500.0
006 m     o  c        
007 vz cza|z|
007 cr cna||||||||
008 110207s2006    nyu050        o   vleng d
020    $a 9781421320694
020    $a 142132069X
028 40 $a 6553 $b Films Media Group
035    $a (OCoLC)707965351 $z (OCoLC)828570254 $z (OCoLC)973342118 $z (OCoLC)1020535451 $z (OCoLC)1087361005 $z (OCoLC)1087371102 $z (OCoLC)1124358367
040    $a CNCGM $b eng $c CNCGM $d FBM $d TUU $d OCLCQ $d ACCEM $d OCLCO $d NBJ $d IWS $d OCLCF $d OCLCA $d OCLCQ $d OCLCO $d U3G $d AGLDB $d OCLCA $d XFH $d IOG $d KYB $d MNI $d OCLCQ $d UOK $d CEF $d OCLCA $d NTG $d TKN $d W2U $d OCLCA
043    $a a-ii--- $a a-pk--- $a a-tu--- $a e-bu--- $a e-gr--- $a e-xn---
049    $a STAW
050 14 $a BP189.2 $b .I26 2006
245 00 $a I am a Sufi, I am a Muslim / $c written and directed by Dirk Dumon ; research and commentary text, Dan Alexe ; production, Herman Meyssen ; Belgian Radio and Television.
260 3  $a New York, N.Y. : $b Films Media Group, $c [2006], ©1994.
300    $a 1 streaming video file (50 min.) : $b sound, color, digital file.
336    $a two-dimensional moving image $b tdi $2 rdacontent.
337    $a computer $b c $2 rdamedia.
338    $a online resource $b cr $2 rdacarrier.
344    $a digital.
347    $a data file $2 rda.
490 1  $a Films on Demand.
500    $a Originally broadcast in 1994 on Belgian Radio and Television.
500    $a Films on Demand is distributed by Films Media Group for Films for the Humanities & Sciences, Cambridge Educational, Meridian Education, and Shopware.
500    $a Encoded with permission for digital streaming by Films Media Group on Oct. 15, 2006.
506    $a Access requires authentication through Films on Demand.
500    $a Title from distributor's description.
505 0  $a What Is a Sufi? (2:56) -- Comparison of Sufism with Islam (3:27) -- Sufi Ceremony of Initiation (4:40) -- Initiation Into the Dervish Brotherhood (1:48) -- Sufi Worship Rituals (2:33) -- Sufism: Worship of Saints (3:28) -- Sufism, Culture, and Other Religions (4:09) -- Sufi Initiation and Festivals (3:36) -- Trance, Violence, and Emotion to Achieve Spiritual Ecstasy (4:04) -- Function of Music in Ecstatic Rituals (2:54) -- Sufi Master (2:59) -- Sacred Music: Qawwali (2:53) -- Music to Spread Islam (3:25) -- Musical, Spiritual Ecstasy and Union with God (6:08).
511 0  $a Narration, John Boyle.
521 2  $a 13 & up.
520    $a This program introduces Sufism, a branch of Islam which is much less well known in the West than some of the more fundamentalist forms which are frequently in the news. The program travels to India, Pakistan, Turkey, and Macedonia to explore exactly what Sufism is and observe how it is practiced in various parts of the world today. Among the many aspects of Sufism featured in the program are the whirling dervishes of Turkey, who find God through ecstasy; ecstatic fakirs in Macedonia, where there is a big revival in popular Sufism; and the vital role of music in Sufism in India and Pakistan. The program also features Nusrat Fateh Ali Khan, perhaps the most well-known performer of Qawali music.
538    $a System requirements: FOD playback platform.
538    $a Mode of access: Internet.
546    $a English subtitles.
540    $a Public performance rights (PPR) granted for SCU authorized use only. Please email eresources@scu.edu for details. License start & end dates: 2021-09-10 to 2024-09-09.
650  0 $a Sufis.
650  0 $a Sufism.
651  0 $a India $x Religion.
651  0 $a Pakistan $x Religion.
651  0 $a Turkey $x Religion.
651  0 $a Macedonia $x Religion.
650  7 $a Religion. $2 fast $0 (OCoLC)fst01093763.
650  7 $a Sufis. $2 fast $0 (OCoLC)fst01137253.
650  7 $a Sufism. $2 fast $0 (OCoLC)fst01137257.
651  7 $a Europe $z Macedonia. $2 fast $0 (OCoLC)fst01242198.
651  7 $a India. $2 fast $0 (OCoLC)fst01210276.
651  7 $a Pakistan. $2 fast $0 (OCoLC)fst01210275.
651  7 $a Turkey. $2 fast $0 (OCoLC)fst01208963.
655  4 $a Videorecording.
655  7 $a Educational films. $2 fast $0 (OCoLC)fst01726235.
655  7 $a Internet videos. $2 fast $0 (OCoLC)fst01750214.
655  7 $a Educational films. $2 lcgft.
655  7 $a Internet videos. $2 lcgft.
700 1  $a Dumon, Dirk.
700 1  $a Alexe, Dan.
700 1  $a Meyssen, Herman.
700 1  $a Boyle, John.
710 2  $a Films for the Humanities & Sciences (Firm)
710 2  $a Films Media Group.
710 2  $a Radiodiffusion télévision belge.
710 2  $a Vlaamse Audiovisuele Regie.
740 0  $a Films Media Group streaming video.
776 08 $i Originally produced: $d Vlaamse Audiovisuele Regie,1994 $z 9781421320694.
830  0 $a Films on Demand.
856 40 $u https://login.libproxy.scu.edu/login?url=https://fod.infobase.com/PortalPlayLists.aspx?wid=102103&xtid=6553 $z View this video online (Access ends on September 9, 2024)
907    $a .b38153658 $b 210910 $c 210910
998    $a uww $b        $c m $d 2   $e l $f eng $g nyu $h 0
919    $a .b $b 2020-05-26

