07277cgm a2201261 i 4500
001 1229166564
003 OCoLC
005 20220418013537.0
006 m     o  c        
007 vz czazuu
007 cr cna||||||||
008 210108t20201990nyu077        o   vleng d
020    $z 9781681436982
020    $z 1681436981
024 1  $z 715515241618
028 52 $a 11910624 $b Kanopy
035    $a (OCoLC)1229166564 $z (OCoLC)1230158219
040    $a ORE $b eng $e rda $e pn $c ORE $d ORE $d OCLCO $d WAU $d OCLCO $d OCLCF $d ORE $d OCLCA $d FAF $d VRC $d KUK $d TEU $d GZM $d CDS $d ORE $d OCLCO $d NJT $d OCLCO $d KUK
041 0  $a eng $p eng $h eng
043    $a n-us-ny
046    $k 1990 $2 edtf
049    $a STAW
050  4 $a HQ76.2.U52 $b P37 2020
130 0  $a Paris is burning (Motion picture)
245 10 $a Paris is burning / $c produced and directed by Jennie Livingston ; a production of Off White Productions, Inc.
257    $a United States $2 naf.
264  1 $a [New York, New York] : $b The Criterion Collection : $b Janus Films, $c [2020]
264  4 $c ©1990.
300    $a 1 online resource (1 video file (approximately 77 min.)) : $b sound, color.
306    $a 011711.
336    $a two-dimensional moving image $b tdi $2 rdacontent.
337    $a computer $b c $2 rdamedia.
338    $a online resource $b cr $2 rdacarrier.
340    $g polychrome $2 rdacc.
340    $g color.
344    $3 Kanopy $a digital $2 rdatr.
347    $3 Kanopy $a video file $2 rdaft.
380    $a Motion pictures $2 lcgft.
490 1  $a [The Criterion collection ; $v 1018]
500    $a Originally released as a motion picture in 1990.
500    $a "Digitally remastered by UCLA Film & Television Archive in conjunction with Sundance Institute and Outfest UCLA Legacy Project, preservation funded by Sundance Institute, Outfest and Andrew J. Kuehn Jr. Foundation"--Opening credits.
500    $a "Digital preservation supervised by Jennie Livingston, Jillian Borders, & Jeffrey Bickel"--Opening credits.
508    $a Editor, Jonathan Oppenheim ; co-producer, Barry Swimar ; cinematographer, Paul Gibson ; associate producers, Claire Goodman, Meg McLagan ; sound recordists, Catherine Calderon, Judy Karp ; executive producers, Nigel Finch for BBC Television, London, David Lacy for WNYC Television, New York.
511 0  $a Featuring Dorian Corey, Pepper Labeija, Venus Xtravaganza, Octavia Saint Laurent, Willi Ninja, Kim Pendavis, Freddie Pendavis, Andre Christian, Paris Dupree.
520    $a Where does voguing come from, and what, exactly, is throwing shade? This landmark documentary provides a vibrant snapshot of the 1980s through the eyes of New York City's African American and Latinx Harlem drag-ball scene. Made over seven years, PARIS IS BURNING offers an intimate portrait of rival fashion "houses," from fierce contests for trophies to house mothers offering sustenance in a world rampant with homophobia, transphobia, racism, AIDS, and poverty. Featuring legendary voguers, drag queens, and trans women--including Willi Ninja, Pepper LaBeija, Dorian Corey, and Venus Xtravaganza--PARIS IS BURNING brings it, celebrating the joy of movement, the force of eloquence, and the draw of community $c provider's description.
521 8  $a MPAA rating: R; for language and sexuality.
546    $a English dialogue; closed-captioned in English.
586    $a Berlin International Film Festival, Best Documentary Film, 1991.
586    $a Sundance Film Festival, Grand Jury Prize - Documentary, 1991.
586    $a San Francisco International Lesbian & Gay Film Festival, Audience Award - Best Documentary, 1990.
586    $a National Society of Film Critics Awards, USA, Best Documentary, 1992.
586    $a Gotham Awards, Open Palm Award, 1991.
586    $a International Documentary Association, IDA Award, 1990.
586    $a National Film Preservation Board, USA, National Film Registry, 2016.
588 0  $a Online resource; title from title frames (Kanopy, viewed January 8, 2021)
540    $a Public performance rights (PPR) may be available for SCU authorized use only. Please email eresources@scu.edu for details. License start & end dates: 2023-11-13 to 2024-11-12.
650  0 $a Drag balls $z New York (State) $z New York.
650  0 $a Cross-dressers $z New York (State) $z New York $x Social life and customs.
650  0 $a African American gay men $z New York (State) $z New York $x Social life and customs.
650  0 $a Hispanic American gay men $z New York (State) $z New York $x Social life and customs.
650  0 $a Transgender women $z New York (State) $z New York $x Social life and customs.
650  0 $a Gay culture $z New York (State) $z New York.
650  0 $a Voguing (Dance) $z New York (State) $z New York.
651  0 $a New York (N.Y.) $x Social life and customs.
650  7 $a Drag balls. $2 fast $0 (OCoLC)fst00897357.
650  7 $a Gay culture. $2 fast $0 (OCoLC)fst01201219.
650  7 $a Manners and customs. $2 fast $0 (OCoLC)fst01007815.
650  7 $a Voguing (Dance) $2 fast $0 (OCoLC)fst01168738.
651  7 $a New York (State) $z New York. $2 fast $0 (OCoLC)fst01204333.
655  7 $a Documentary films. $2 fast $0 (OCoLC)fst01710390.
655  7 $a Feature films. $2 fast $0 (OCoLC)fst01710384.
655  7 $a Internet videos. $2 fast $0 (OCoLC)fst01750214.
655  7 $a Nonfiction films. $2 fast $0 (OCoLC)fst01710269.
655  7 $a Video recordings for the hearing impaired. $2 fast $0 (OCoLC)fst01710450.
655  7 $a Documentary films. $2 lcgft.
655  7 $a Feature films. $2 lcgft.
655  7 $a Nonfiction films. $2 lcgft.
655  7 $a Internet videos. $2 lcgft.
655  7 $a Video recordings for the hearing impaired. $2 lcgft.
700 1  $a Livingston, Jennie, $e film director, $e film producer.
700 1  $a Swimar, Barry, $e film producer.
700 1  $a Finch, Nigel, $d 1949-1995, $e film producer.
700 1  $a Lacy, Madison Davis, $e film producer.
700 1  $a Gibson, Paul $c (Cinematographer), $e director of photography.
700 1  $a Oppenheim, Jonathan, $e editor of moving image work.
700 1  $a Corey, Dorian, $d 1937-1993, $e performer.
700 1  $a LaBeija, Pepper, $d 1950-2003, $e performer.
700 1  $a Xtravaganza, Venus, $d 1965-1988, $e performer.
700 1  $a Saint Laurent, Octavia, $d 1964-2009, $e performer.
700 1  $a Ninja, Willi, $e performer.
700 1  $a Pendavis, Kim, $e performer.
700 1  $a Pendavis, Freddie, $e performer.
700 1  $a Christian, Andre, $e performer.
700 1  $a Dupree, Paris, $e performer.
710 2  $a Off White Productions, Inc., $e production company.
710 2  $a Criterion Collection (Firm), $e publisher.
710 2  $a Janus Films, $e publisher.
710 2  $a UCLA Film and Television Archive.
710 2  $a Sundance Institute.
711 2  $a Outfest (Film festival)
740 0  $a Kanopy streaming video.
776 08 $i Videodisc version: $a Paris is burning (Motion picture). $t Paris is burning (Motion picture). $b Director-approved two-DVD special edition $z 9781681436982 $w (OCoLC)1134401083.
830  0 $a Criterion collection ; $v 1018.
856 40 $u https://santaclarau.kanopy.com/node/10910625 $z View this video online (Access ends November 12, 2024)
907    $a .b38155023 $b 231113 $c 210917
998    $a uww $b 220418 $c m $d 2   $e l $f eng $g nyu $h 0
919    $a .b $b 2020-05-26
917    $a Kanopy streaming video

