04852cam a2200817 i 4500
001 1149223512
003 OCoLC
005 20220707095105.0
008 200403t20212021nyua   e      000 1 eng  
010    $a 2020015821
020    $a 9780593135204 $q (hardcover ; $q acid-free paper)
020    $a 0593135202 $q (hardcover ; $q acid-free paper)
020    $a 9780593355275 $q (paperback)
020    $a 059335527X $q (paperback)
020    $z 9780593135211 $q electronic book
024 8  $a 40030621659
035    $a (OCoLC)1149223512 $z (OCoLC)1202532375 $z (OCoLC)1225177696 $z (OCoLC)1235819269 $z (OCoLC)1246181942 $z (OCoLC)1255720224 $z (OCoLC)1263579122
037    $b Random House Inc, Attn Order Entry 400 Hahn rd, Westminster, MD, USA, 21157 $n SAN 201-3975
040    $a DLC $b eng $e rda $c DLC $d BDX $d YDX $d MJ8 $d OCLCO $d OCO $d OI6 $d OCLCO $d FSP $d FM0 $d TCH $d YEQ $d GL4 $d CQU $d VP@ $d ILC $d OCLCO $d YU6 $d OCLCO $d SINLB $d T3Q $d OCLCO $d TXSCH $d WVU $d UBY $d YDX $d ZVR $d OCLCO $d NHP $d AZZPT $d OCL $d OCLCO $d PAU $d OCLCO $d SAB $d OCLCO $d YUS $d OCLCO $d SHC $d OCLCO $d MNX $d OCLCO $d GYG $d OCLCO $d EEI $d XII $d OCLCO $d BCZ $d OCLCO $d P4Q $d OCLCO $d SAR $d UtOrBLW
042    $a pcc
049    $a STA
050 00 $f POP $a PS3623.E4324494 $b P76 2021
082 00 $a 813/.6 $2 23
100 1  $a Weir, Andy, $e author.
245 10 $a Project Hail Mary : $b a novel / $c Andy Weir.
250    $a First edition.
264  1 $a New York : $b Ballantine Books, $c [2021]
264  4 $c ©2021.
300    $a 476 pages : $b illustrations ; $c 25 cm.
336    $a text $b txt $2 rdacontent.
336    $a still image $b sti $2 rdacontent.
337    $a unmediated $b n $2 rdamedia.
338    $a volume $b nc $2 rdacarrier.
386    $a Californians $2 lcdgt.
386    $a Engineers $2 lcdgt.
520    $a The sole survivor on a desperate, last-chance mission to save both humanity and the earth, Ryland Grace is hurtled into the depths of space when he must conquer an extinction-level threat to our species.
520    $a A lone astronaut. An impossible mission. An ally he never imagined. Ryland Grace is the sole survivor on a desperate, last-chance mission--and if he fails, humanity and Earth itself will perish. Except that right now, he doesn't know that. He can't even remember his own name, let alone the nature of his assignment or how to complete it. All he knows is that he's been asleep for a very, very long time. And he's just been awakened to find himself millions of miles from home, with nothing but two corpses for company. His crewmates dead, his memories fuzzily returning, Ryland realizes that an impossible task now confronts him. Hurtling through space on this tiny ship, it's up to him to puzzle out an impossible scientific mystery--and conquer an extinction-level threat to  our species. And with the clock ticking down and th enearest human being light-years away, he's got to do it all alone. Or does he? An irresistible interstellar adventure as only Andy Weir could imagine it, Project Hail Mary is a tale of discvoery, speculation, and survival to rival The Martian-while taking us to places it never dreamed of going. -- $c From dust jacket.
650  0 $a End of the world $v Fiction.
650  0 $a Astronauts $v Fiction.
650  0 $a Space flight $v Fiction.
650  0 $a Memory disorders $v Fiction.
650  0 $a Survival $v Fiction.
650  6 $a Fin du monde $v Romans, nouvelles, etc.
650  6 $a Astronautes $v Romans, nouvelles, etc.
650  6 $a Vol spatial $v Romans, nouvelles, etc.
650  6 $a Habiletés de survie $v Romans, nouvelles, etc.
650  7 $a FICTION / Science Fiction / Action & Adventure. $2 bisacsh.
650  7 $a FICTION / Science Fiction / Hard Science Fiction. $2 bisacsh.
650  7 $a FICTION / Thrillers / Suspense. $2 bisacsh.
650  7 $a Space flight. $2 fast $0 (OCoLC)fst01127676.
650  7 $a End of the world. $2 fast $0 (OCoLC)fst00909634.
650  7 $a Survival. $2 fast $0 (OCoLC)fst01761768.
650  7 $a Memory disorders. $2 fast $0 (OCoLC)fst01015948.
650  7 $a Astronauts. $2 fast $0 (OCoLC)fst00819615.
650  7 $a Astronauts $v Fiction. $2 sears.
650  7 $a Memory disorders $v Fiction. $2 sears.
650  7 $a Survival after airplane accidents, shipwrecks, etc $v Fiction. $2 sears.
655  7 $a Science fiction. $2 lcgft.
655  7 $a Apocalyptic fiction. $2 lcgft.
655  2 $a Fictional Work.
655  7 $a Fiction. $2 fast $0 (OCoLC)fst01423787.
655  7 $a Apocalyptic fiction. $2 fast $0 (OCoLC)fst01921582.
655  7 $a Science fiction. $2 fast $0 (OCoLC)fst01726489.
655  7 $a Science fiction. $2 gsafd.
655  7 $a Novels. $2 lcgft.
655  7 $a Romans. $2 rvmgf.
776 08 $i Online version: $a Weir, Andy. $t Project Hail Mary. $b First edition $d New York : Ballantine Books, [2021] $z 9780593135211 $w (DLC)  2020015822.
907    $a .b38658239 $b 230819 $c 220419
998    $a upp $b 220628 $c m $d a   $e n $f eng $g nyu $h 0
918    $a .bckstg $b 2016-12-01
919    $a .pcat $b 2016-12-01

