03490cgm a2200817 i 4500
001 1371927036
003 OCoLC
005 20230306111352.0
007 vd cvaizu
008 230306t20202015fr 000            vlfre d
024 3  $a 3660485996594 $c set
035    $a (OCoLC)1371927036
040    $a STA $b eng $e rda $c STA $d STA $d UtOrBLW
041 0  $a fre $j fre
043    $a e-fr---
049    $a STAV
099    $a DVD-02525
130 0  $a Dix pour cent (Television program). Season 1-4.
245 10 $a Dix pour cent : intégral saisons 1 à 4 / $c Mon voisin productions et Mother production présentent ; une série réalisée par Cédric Klapisch, Lola Doillon, Antoine Garceau ; créée par Fanny Herrero ; d'après une idée originale de Dominique Besnehard, Michel Vereecken, Julien Messemackers.
246 3  $a 10%
264  1 $a Paris : $b TF1 video, $c [2020]
264  4 $c ©2020.
300    $a 9 videodiscs (approximately 1,279 min.) : $b sound, color ; $c 4 3/4 in.
336    $a two-dimensional moving image $b tdi $2 rdacontent.
337    $a video $b v $2 rdamedia.
338    $a videodisc $b vd $2 rdacarrier.
344    $a digital $2 rdatr.
344    $b optical $2 rdarm.
344    $g surround $2 rdacpc.
344    $h Dolby digital 5.1.
346    $a laser optical $b PAL.
347    $a video file.
347    $b DVD video.
347    $b DV347 video file.
347    $e region 2.
500    $a Set includes 24 episodes of approximately 52 minutes each and bonus disc, Le making-of, packaged separately, 31 minutes.
500    $a Originally broadcast as individual episodes by France 2 from 2015 to 2020.
505 0  $a Seasons 1-4 (8 discs) -- Bonus: Le making-of inédit de la série (1 disc).
511 1  $a Camille Cottin, Thibault de Montalembert, Grégory Montel [and eight others].
520    $a Very sleek and stylish comedy surrounding an actor's agency in crisis. Chock full of French cinema and TV stars.
538    $a DVD, region 2, PAL ; 16:9 ; Dolby digital.
546    $a Dialogue in French with French subtitles for the deaf and hard of hearing.
650  0 $a Theatrical agencies $z France $v Drama.
650  0 $a Talent scouts $z France $v Drama.
650  0 $a Performing arts $z France $v Drama.
650  0 $a Television comedies.
650  6 $a Comédies télévisées. $0 (CaQQLa)201-0202177.
650  7 $a Performing arts. $2 fast $0 (OCoLC)fst01057887.
650  7 $a Talent scouts. $2 fast $0 (OCoLC)fst01142236.
650  7 $a Television comedies. $2 fast $0 (OCoLC)fst01146832.
650  7 $a Theatrical agencies. $2 fast $0 (OCoLC)fst01149413.
651  7 $a France. $2 fast $0 (OCoLC)fst01204289.
655  7 $a Drama. $2 fast $0 (OCoLC)fst01423879.
700 1  $a Klapisch, Cédric, $e director.
700 1  $a Doillon, Lola, $d 1975- $e director.
700 1  $a Garceau, Antoine, $e director.
700 1  $a Herrero, Fanny, $e creator.
700 1  $a Besnehard, Dominique, $e creator.
700 1  $a Vereecken, Michel, $e creator.
700 1  $a Messemackers, Julien, $e creator.
700 1  $a Cottin, Camille, $e actor.
700 1  $a Montalembert, Thibault de, $e actor.
700 1  $a Montel, Grégory, $e actor.
710 2  $a Mon Voisin Productions, $e production company.
710 2  $a Mother production., $e production company.
710 2  $a TF1 Vidéo (Firm), $e distributor.
710 2  $a Mother Production, $e production company.
907    $a .b38928164 $b 230406 $c 220914
998    $a uvd $b 230306 $c m $d g   $e n $f fre $g fr  $h 0
918    $a .bckstg $b 2016-12-01
919    $a .b $b 2022-07-07

