04252cam a2200853 i 4500
001 1077483608
003 OCoLC
005 20230406102718.0
008 181203t20192019nyu           000 1 eng  
010    $a 2018055526
020    $a 1250316774 $q (trade pbk.)
020    $a 9781250316776 $q (trade pbk.)
020    $z 9781250316783 (ebook)
035    $a (OCoLC)1077483608 $z (OCoLC)1048936414 $z (OCoLC)1091273901 $z (OCoLC)1104161568 $z (OCoLC)1202005067 $z (OCoLC)1202010039
040    $a DLC $b eng $e rda $c DLC $d ILC $d NZAUC $d YDX $d BDX $d NZLEP $d LIV $d LMJ $d IOS $d OCO $d RB0 $d GO3 $d JQM $d CLE $d IUK $d DLC $d FCS $d OCLCO $d TOH $d OCLCO $d GO9 $d OCLCO $d PUL $d OCLCF $d INR $d UKMGB $d TXSCH $d TCH $d OCL $d JTH $d ALCCP $d OCL $d OCLCA $d NGU $d UAB $d ZQC $d OCL $d OCLCO $d ORE $d UtOrBLW
042    $a pcc
043    $a n-us--- $a e-uk-en
049    $a STA
050 00 $f POP $a PS3613.C587545 $b R43 2019
082 00 $a 813/.6 $2 23
100 1  $a McQuiston, Casey, $e author.
245 10 $a Red, white & royal blue / $c Casey McQuiston.
246 3  $a Red, white and royal blue.
250    $a First edition.
264  1 $a New York : $b St. Martin's Griffin, $c 2019.
264  4 $c ©2019.
300    $a 421 pages ; $c 21 cm.
336    $a text $b txt $2 rdacontent.
337    $a unmediated $b n $2 rdamedia.
338    $a volume $b nc $2 rdacarrier.
520    $a First Son Alex Claremont-Diaz, with his sister and the Veep's genius granddaughter, are the White House Trio, a beautiful millennial marketing strategy for his mother, President Ellen Claremont. Then photos of a confrontation with his longtime nemesis Prince Henry at a royal wedding leak to the tabloids. The plan for damage control: stage a fake friendship between the First Son and the Prince. Alex soon discovers that beneath Henry's Prince Charming veneer, there's a soft-hearted eccentric with a dry sense of humor and more than one ghost haunting him. As President Claremont kicks off her reelection bid, Alex finds himself hurtling into a relationship with Henry that could derail the campaign and upend two nations. -- adapted from back cover.
650  0 $a Bisexuals $z United States $v Fiction.
650  0 $a Bisexual men $z United States $v Fiction.
650  0 $a Gay men $z United States $v Fiction.
650  0 $a Coming out (Sexual orientation) $v Fiction.
650  0 $a Presidents $z United States $x Family $v Fiction.
650  0 $a Princes $z Great Britain $v Fiction.
650  0 $a Children of heads of state $v Fiction.
650  7 $a FICTION / Romance / Romantic Comedy. $2 bisacsh.
650  7 $a FICTION / Romance / LGBT / Gay. $2 bisacsh.
650  7 $a FICTION / Romance / Royalty. $2 bisacsh.
650  7 $a Coming out (Sexual orientation) $2 fast $0 (OCoLC)fst00869198.
650  7 $a Bisexuals. $2 fast $0 (OCoLC)fst00833357.
650  7 $a Bisexual men. $2 fast $0 (OCoLC)fst00833331.
650  7 $a Children of heads of state. $2 fast $0 (OCoLC)fst00855363.
650  7 $a Gay men. $2 fast $0 (OCoLC)fst00939117.
650  7 $a Presidents $x Family. $2 fast $0 (OCoLC)fst01075761.
650  7 $a Princes. $2 fast $0 (OCoLC)fst01076481.
651  7 $a Great Britain. $2 fast $0 (OCoLC)fst01204623.
651  7 $a United States. $2 fast $0 (OCoLC)fst01204155.
650  7 $a Gay men $v Fiction. $2 sears.
650  7 $a Presidents $z United States $x Children $v Fiction. $2 sears.
650  7 $a Princes $z Great Britain $v Fiction. $2 sears.
655  7 $a Political fiction. $2 fast $0 (OCoLC)fst01726702.
655  7 $a Novels. $2 fast $0 (OCoLC)fst01921742.
655  7 $a Young adult works. $2 fast $0 (OCoLC)fst01726790.
655  0 $a Young adult fiction.
655  7 $a Bisexual fiction. $2 fast $0 (OCoLC)fst02002528.
655  7 $a Fiction. $2 fast $0 (OCoLC)fst01423787.
655  7 $a Gay fiction. $2 fast $0 (OCoLC)fst01986220.
655  7 $a Humorous fiction. $2 fast $0 (OCoLC)fst01726649.
655  7 $a Romance fiction. $2 fast $0 (OCoLC)fst01921732.
655  7 $a Love stories. $2 gsafd.
655  7 $a Bisexual fiction. $2 lcgft.
655  7 $a Gay fiction. $2 lcgft.
655  7 $a Political fiction. $2 lcgft.
655  7 $a Romance fiction. $2 lcgft.
655  7 $a Humorous fiction. $2 lcgft.
655  7 $a Novels. $2 lcgft.
655  7 $a Love stories. $2 sears.
907    $a .b39127904 $b 230921 $c 221216
998    $a upp $b 230210 $c m $d a   $e n $f eng $g nyu $h 0
918    $a .bckstg $b 2016-12-01
919    $a .pcat $b 2022-07-07

