02788cam a2200637 a 4500
001 42625578
003 OCoLC
005 20231023085559.0
008 990617m19992000ja c          000 0 jpn d
020    $a 4106407213
020    $a 9784106407215 $q (v. 1)
020    $a 9784106407222 $q (v. 2)
020    $a 9784106407239 $q (v. 3)
020    $a 9784106407246 $q (v. 4)
020    $a 9784106407253 $q (v. 5)
020    $a 9784106407260 $q (v. 6)
020    $a 9784106407277 $q (v. 7)
020    $a 9784106407284 $q (v. 8)
020    $a 9784106407291 $q (v. 9)
020    $a 9784106407307 $q (v. 10)
020    $a 9784106407314 $q (v. 11)
020    $a 9784106407321 $q (v. 12)
020    $a 9784106407338 $q (v. 13)
020    $a 9784106407345 $q (v. 14)
020    $a 9784106407352 $q (v. 15)
035    $a (OCoLC)42625578
040    $a HIN $b eng $c HIN $d KKU $d PIT $d OCLCQ $d OCLCG $d OCLCQ $d UX0 $d OCLCO $d OCLCF $d J9U $d LOA $d PAU $d OCLCQ $d OCLCO $d PUL $d OCLCQ $d OCL $d UtOrBLW
049    $a STAM
050  4 $a PL849 $b .N4 1999
066    $c $1
082 04 $a DB918.68
100 1  $6 880-01 $a Endō, Shūsaku, $d 1923-1996.
240 10 $a Works. $f 1999.
245 10 $6 880-02 $a Endō Shūsaku bungaku zenshū.
264  1 $6 880-03 $a Tōkyō : $b Shinchōsha, $c 1999-2000.
300    $6 880-04 $a 15 volumes ; $c 22 cm.
336    $a text $b txt $2 rdacontent.
337    $a unmediated $b n $2 rdamedia.
505 0  $6 880-05 $a 1-5. Chōhen shōsetsu I-V -- 6-8. Tanpen shōsetsu I-III -- 9. Gikyoku -- 10-11. Hyōden I-II -- 12-13. Hyōron Essei I-II -- 14. Hyōron, Essei III, hon'yaku, mikankō chōhen, mikankō gikyoku -- 15. Nikki, nenpu, chosaku mokuroku.
600 10 $a Endō, Shūsaku, $d 1923-1996.
650  0 $a Japanese fiction $y 20th century.
650  0 $a Japanese literature.
650  7 $a Japanese literature. $2 fast $0 (OCoLC)fst00981803.
655  7 $a Fiction. $2 fast $0 (OCoLC)fst01423787.
776 08 $i Online version: $a Endō, Shūsaku, 1923-1996. $s Works. 1999. $t Endō Shūsaku bungaku zenshū. $d Tōkyō : Shinchōsha, 1999-2000 $w (OCoLC)653649566.
880 1  $6 100-01/$1 $a 遠藤周作, $d 1923-1996.
880 10 $6 245-02/$1 $a 遠藤周作文学全集.
880    $6 264-03/$1 $a 東京 : $b 新潮社, $c 1999-2000.
880    $6 300-04/$1 $a 15冊 ; $c 22 cm.
880 0  $6 505-05/$1 $a 1-5. 長篇小說 -- 6-8. 短篇小說 -- 9. 戲曲 -- 10-11. 評伝 I-II -- 12-13. 評論, エッセイ I-II -- 14. 評論, エッセイ III, 翻訳, 未刊行長篇, 未刊行戲曲 -- 15. 日記, 年譜, 著作目錄.
880    $6 500-00/$1 $a 底本: 原則として1975年刊(新潮社版)〓遠藤周作文学全集〓全11卷を使用.
880    $6 500-00/$1 $a 付: 月報.
907    $a .b39242870 $b 231023 $c 230217
998    $a umn $b 230807 $c m $d a   $e n $f jpn $g ja  $h 0
918    $a .bckstg $b 2016-12-01
919    $a .fbo $b 2022-07-07

