00791nam a2200145 a 4500
008                                         
100    $a Checkoway, Laura.
245  0 $a EDITH + EDDIE.
505    $a Temporary bib record for a streaming video requested by faculty. This record will be suppressed once we receive the vendor's MARC record.
540    $a No public performance rights (PPR) granted at this time. Please email eresources@scu.edu for updates.
740 0  $a Kartemquin streaming video.
856 40 $u https://santaclarauniversity.hosted.panopto.com/Panopto/Pages/Viewer.aspx?id=c2589f33-745d-4946-86d5-b05901138764&start=0 $z View this video online (Perpetual access via Panopto)
907    $a .b39569202 $b 230809 $c 230706
998    $a uww $b        $c m $d 2   $e l $f eng $g xxu $h 0
917    $a Kartemquin streaming video

