01881nam a2200277 a 4500
008                                         
020    $a 9781433833779
020    $a 1433833778
099    $a DVD-02528
245 14 $a The first session in accelerated experiential dynamic psychotherapy / $c with Karen Kranz, PhD, R Psych.
264  1 $a [Washington, DC] : $b American Psychological Association, $c [2021]
264  4 $c ©2021.
300    $a 1 videodisc (1 hr., 51 min.) : $b sound, color ; $c 4 3/4 in.
336    $a two-dimensional moving image $b tdi $2 rdacontent.
337    $a video $b v $2 rdamedia.
338    $a videodisc $b vd $2 rdacarrier.
490 1  $a Series I--Systems of psychotherapy.
500    $a In this video program, Dr. Karen Kranz demonstrates her approach to Accelerated Experiential Dynamic Psychotherapy, or AEDP, during the first session with a client. Engaging with the client emotionally, AEDP is a method that aims to provide a safe and secure attachment relationship with a trusted therapist and is co-created through dyadic affect regulation and undoing the client’s feelings of isolation.  Dr. Kranz’ approach to AEDP also emphasizes healing-oriented outcomes as opposed to pathology. Within this safe relationship, clients are helped to engage an innate transformational experience and express emotions that may have once been previously considered to be too overwhelming to experience alone.  In the therapy demonstration, Dr. Kranz works with the client to embrace a transformative healing change, from a core neurobiological standpoint.
538    $a DVD.
546    $a Closed-captioned.
650  0 $a Experiential psychotherapy.
700 1  $a Kranz, Karen.
710 2  $a American Psychological Association.
830  0 $a APA psychotherapy series. $n I, $p Systems of psychotherapy.
907    $a .b39571555 $b 230720 $c 230710
998    $a uvd $b 230720 $c m $d g   $e n $f eng $g dcu $h 4

