00912nam a2200145 a 4500
008                                         
100    $a Figorilli, Angelo and Paolucci, Francesco.
245  0 $a L'UOMO PIU BUONO DEL MONDO: LA LEGGENDA DI CARLO TRESCA.
505    $a Temporary bib record for a streaming video requested by faculty. This record will be suppressed once we receive the vendor's MARC record.
540    $a No public performance rights (PPR) granted at this time. Please email eresources@scu.edu for updates.
740 0  $a Francesco Paolucci e Angelo Figorilli streaming video.
856 40 $u https://santaclarauniversity.hosted.panopto.com/Panopto/Pages/Viewer.aspx?id=6d5a0b9a-4976-4a67-be29-b04501233e87&start=0 $z View this video online (Perpetual access via Panopto)
907    $a .b39572225 $b 230720 $c 230711
998    $a uww $b 230720 $c m $d 2   $e l $f eng $g xxu $h 0
916    $a Francesco Paolucci e Angelo Figorilli streaming video

