03313cam a2200457 i 4500
001 1264724487
003 OCoLC
005 20231023085628.0
008 210630s2022    maua     b    001 0 eng  
010    $a 2021031320
015    $a GBC243403 $2 bnb
016 7  $a 020517190 $2 Uk
020    $a 9780262046831 $q hardcover
020    $a 0262046830 $q hardcover
035    $a (OCoLC)1264724487
040    $a DLC $b eng $e rda $c DLC $d YDX $d OCLCO $d BDX $d OCLCF $d UKMGB $d YDX $d OCLCO $d UtOrBLW
042    $a pcc
049    $a STAM
050 00 $a TJ211.35 $b .C628 2022
082 00 $a 629.8/92 $2 23
130 0  $a Cognitive robotics (M.I.T. Press)
245 10 $a Cognitive robotics / $c edited by Angelo Cangelosi and Minoru Asada.
264  1 $a Cambridge, Massachusetts : $b The MIT Press, $c [2022]
300    $a x, 481 pages : $b illustrations (some color) ; $c 26 cm.
336    $a text $b txt $2 rdacontent.
337    $a unmediated $b n $2 rdamedia.
338    $a volume $b nc $2 rdacarrier.
490 1  $a Intelligent robotics and autonomous agents series.
504    $a Includes bibliographical references and index.
505 2  $a What is cognitive robotics? / Angelo Cangelosi and Minoru Asada -- Neurorobotics: neuroscience and robots / Tiffany J. Hwu and Jeffrey L. Krichmar -- Developmental Robotics / Minoru Asada and Angelo Cangelosi -- Evolutionary Robotics / Stefano Nolfi -- Swarm robotics / Mary Katherine Heinrich, Mostafa Wahby, Marco Dorigo, and Heiko Hamann -- Soft robotics: a developmental approach / Luca Scimeca and Fumiya Iida -- Robot platforms and simulators / Diego Ferigo, Alberto Parmiggiani, Elena Rampone, Vadim Tikhanoff, Silvio Traversaro, Daniele Pucci, and Lorenzo Natale -- Biomimetic skin / Markellos Ntagios, Oliver Ozioko, and Ravinder Dahiya -- Machine learning for cognitive robotics / Tetsuya Ogata, Kuniyuki Takahashi, Tatsuro Yamada, Shingo Murata, and Kazuma Sasaki -- Cognitive Architectures / David Vernon -- Embodiment in cognitive science and robotics / Tom Ziemke -- Ethics of robotics / Vincent C. M(ue)ller -- Intrinsic motivation for open-ended learning / Gianluca Baldassarre -- Priciples of cognitive vision / Yiannis Aloimonos and Giulio Sandini -- Cognitive robot navigation / Jiru Wang, Jianxin Peng, Rui Yan, and Huajin Tang -- Cognitive robot manipulation / Yiming Jiang and Chenguang Yang -- Cognitive control for decision and human-robot collaboration / Erwin Jose Lopez Pulgarin, Ute Leonards, and Guido Hermann -- Social cognition / Yukie Nagai -- Human-robot interaction / Tony Belpaeme -- Language and communication / Angelo Cangelosi and Tetsuya Ogata --Knowledge representation and reasoning / Michael Beetz -- Abstract concepts / Alessandro Di Nuovo -- Robots and machine consciousness / Antonio Chella -- Contributors -- Index.
520    $a "A comprehensive overview of the field of cognitive robotics"-- $c Provided by publisher.
650  0 $a Autonomous robots.
650  6 $a Robots autonomes. $0 (CaQQLa)201-0305344.
650  7 $a Autonomous robots. $2 fast $0 (OCoLC)fst00824159.
700 1  $a Cangelosi, Angelo, $d 1967- $e editor.
700 1  $a Asada, Minoru, $e editor.
830  0 $a Intelligent robotics and autonomous agents.
907    $a .b39803132 $b 231108 $c 230830
998    $a umn $b 230914 $c m $d a   $e n $f eng $g mau $h 0
918    $a .bckstg $b 2016-12-01
919    $a .fbo $b 2022-07-07

