00774nam a2200145 a 4500
008                                         
100    $a Halina Reijn.
245  0 $a BODIES BODIES BODIES.
505    $a Temporary bib record for a streaming video requested by faculty. This record will be suppressed once we receive the vendor's MARC record.
540    $a Public performance rights (PPR) granted for SCU authorized use only. Please email eresources@scu.edu for details. License start & end dates: 2023-10-20 to 2024-10-19.
740 0  $a Kanopy streaming video.
856 40 $u https://santaclarau.kanopy.com/node/13620754 $z View this video online (Access ends October 19, 2024)
907    $a .b40020381 $b 231020 $c 231020
998    $a uww $b        $c m $d 2   $e l $f eng $g xxu $h 0
917    $a Kanopy streaming video

