02361cam a2200457 i 4500
001 1374489678
003 OCoLC
005 20230920121627.3
008 230119s2023    nyua     b    001 0 eng  
010    $a 2022050022
020    $a 9781479818303 $q hardcover
020    $a 1479818305 $q hardcover
020    $a 9781479818310 $q paperback
020    $a 1479818313 $q paperback
020    $z 9781479818327 $q electronic book
020    $z 9781479818341 $q electronic book
035    $a (OCoLC)1374489678
040    $a DLC $b eng $e rda $c DLC $d BDX $d TOH $d OCLCF $d GFK $d IMD $d YDX
043    $a n-us---
049    $a STA
050 00 $a HQ77.95.U6 $b D364 2023
082 00 $a 302.23/1086/7 $2 23/eng/20230421
100 1  $a Dame-Griff, Avery, $e author.
245 14 $a The two revolutions : $b a history of the transgender internet / $c Avery Dame-Griff.
264  1 $a New York : $b New York University Press, $c [2023]
300    $a 265 pages : $b illustrations ; $c 23 cm.
336    $a text $b txt $2 rdacontent.
337    $a unmediated $b n $2 rdamedia.
338    $a volume $b nc $2 rdacarrier.
490 0  $a Queer/trans/digital.
504    $a Includes bibliographical references and index.
505 0  $a Dialing into the revolution: the bulletin board system -- Out of the cybercloset, into the cyberstreets: gender community spaces on AOL and beyond -- Politics and "petty useless bickering:" transgender usenet and the emergence of "cisgender" -- Always on: information, circulation, and the world wide web -- Becoming "obsolete in your own lifetime": membership declines and generation gaps -- Transgender in the platform era -- Conclusion: owning our history.
520    $a "The Two Revolutions tells the long history of transgender communities online, reconstructing the various digital networks of transgender activists, cross-dressing computer hobbyists, and others interested in gender nonconformity who laid the foundations for contemporary trans life"-- $c Provided by publisher.
650  0 $a Transgender people $z United States.
650  0 $a Online social networks $z United States.
650  7 $a Online social networks. $2 fast $0 (OCoLC)fst01741311.
650  7 $a Transgender people. $2 fast $0 (OCoLC)fst01765239.
651  7 $a United States. $2 fast $0 (OCoLC)fst01204155.
907    $a .b40020770 $b 231020 $c 231020
998    $a umn $b 231020 $c m $d a   $e n $f eng $g nyu $h 4
919    $a .pcat $b 2022-07-07

